3374 5774
324 438 343 494 a
606 428 942 496 Punosornnn
965 398 1236 495 uarunanrs'
1279 430 1351 510 [m
1367 430 1489 495 nunt.
1507 431 1603 495 sva.

370 599 453 664 Haec
474 596 579 664 omtiia
593 601 637 666 ita
650 624 683 665 se
696 602 822 679 habent,
845 624 886 666 ex
906 596 1171 687 hypothesi'quod
1188 603 1242 668 Sol
1257 615 1291 666 et
1305 603 1406 666 Terra
1427 603 1599 688 quiescunt,

327 720 358 772 et
372 708 465 773 Luna
478 720 617 793 tempore
639 711 787 796 synodico
802 711 923 774 dierum
938 717 989 778 27.
1005 711 1073 774 hor.
1091 717 1120 779 7.
1135 711 1210 775 min.
1227 721 1278 775 43.
1294 711 1470 774 revolvitur.
1517 708 1601 774 Ciam

325 829 429 882 autem
442 819 590 904 periodus
604 820 752 906 synodica
764 820 881 883 lunaris
896 819 967 882 vere
983 819 1022 881 sit
1036 818 1158 882 dierum
1173 827 1224 884 29.
1240 819 1308 883 hor.
1328 827 1376 882 10.
1401 831 1432 881 et
1454 818 1529 879 min.
1545 826 1599 879 44.

326 926 433 1013 augeri
447 927 562 995 debent
582 941 808 992 morneatorum
825 927 1014 991 incrementa
1027 929 1060 990 in
1075 929 1194 992 ratione
1208 929 1366 1012 temporis,
1382 927 1415 990 id
1429 939 1486 1004 est,
1501 927 1533 989 in
1549 947 1600 989 ra-

324 1035 409 1098 tione
426 1045 572 1103 1080063
586 1039 627 1102 ad
645 1047 800 1102 1000000.
846 1036 921 1100 Hoc
942 1049 1035 1120 pacto
1048 1036 1272 1100 incrementum
1293 1048 1403 1112 totum,
1426 1035 1510 1121 quod
1532 1046 1600 1098 erat

326 1165 399 1228 pars
408 1145 508 1227 stiffi
518 1148 667 1213 momenti
676 1146 850 1223 mediocris,
858 1147 925 1231 jam

327 1251 381 1314 fiet
395 1253 531 1337 ejusdem
545 1275 617 1337 pars
632 1254 738 1334 sigge
760 1251 762 1255 ’
785 1253 927 1339 Ideoque

327 1372 518 1423 momentum
527 1382 608 1424 areae
619 1363 651 1423 in
661 1358 848 1445 quadraturis
859 1359 925 1422 Lu·

326 1488 377 1529 nae
388 1467 446 1531 erit
460 1469 500 1532 ad
514 1469 579 1552 ejus
590 1482 782 1533 momentum
792 1469 824 1531 in
837 1491 935 1554 syzy7
1044 1472 1048 1479 '
1073 1448 1078 1455 ’

325 1575 535 1662 gitutnoaa
548 1576 808 1643 -aoadtroaa
824 1585 855 1650 ÷
872 1585 924 1650 50,

325 1706 379 1746 seu
408 1693 510 1752 10973
536 1686 577 1749 ad
598 1691 714 1763 11073,
742 1698 773 1749 et
795 1685 837 1749 ad
857 1688 922 1770 ejus

324 1805 527 1870 momentum,
550 1794 605 1857 ubi
617 1788 712 1857 'Luna
725 1795 759 1856 in
773 1793 834 1856 alio
849 1815 929 1878 quo·

324 1899 369 1962 via
383 1899 453 1963 loco
474 1901 660 1965 intermedio
676 1903 703 1967 P
717 1914 866 1978 versatur,
891 1914 926 1964 ut

327 2013 430 2076 10970
454 2009 494 2072 ad
521 2017 624 2078 10978
644 2020 675 2085 ÷
697 2009 771 2086 Pd,
792 2009 826 2093 (²)
843 2009 925 2073 exis-

323 2121 409 2176 tente
421 2110 564 2178 videlicet
579 2115 611 2178 T
627 2116 654 2179 P
668 2115 780 2201 aequali
798 2124 868 2180 100.
911 2176 913 2180 a

367 2219 452 2283 Area
461 2218 565 2306 igitur,
575 2230 672 2306 'quam
682 2220 774 2283 Luna
784 2221 925 2283 radioad
960 2265 962 2269 -

322 2322 456 2388 Terram
471 2325 565 2390 ducto
580 2326 708 2414 singulis
730 2327 879 2411 temporis
893 2326 1051 2411 particulis
1070 2326 1240 2412 equalibus
1254 2327 1409 2406 describit,
1434 2341 1481 2394 est
1502 2350 1596 2415 quam

320 2432 463 2514 proxime
486 2435 526 2518 (¹¹)
549 2447 584 2503 ut
605 2457 726 2498 summa
740 2435 862 2498 numeri
877 2442 992 2510 219‚46
1016 2446 1048 2498 et
1069 2434 1154 2499 sinits
1169 2437 1250 2498 versi
1264 2436 1429 2520 duplicatae
1444 2438 1597 2503 distantiae

322 2539 424 2603 Lunoe
439 2566 459 2604 a
472 2545 660 2628 quadratura
674 2545 828 2631 proximi,
844 2547 877 2608 in
892 2544 1007 2607 circulo
1022 2545 1109 2628 cujus
1121 2544 1225 2607 radius
1240 2558 1286 2608 est
1300 2546 1411 2609 unitas.
1458 2549 1540 2611 Haec
1556 2549 1599 2611 ita

321 2671 355 2712 se
369 2650 487 2716 habent
501 2654 555 2716 ubi
569 2655 696 2718 variatio
718 2657 752 2717 in
773 2654 947 2719 octantibus
963 2665 1010 2717 est
1024 2652 1244 2739 magnitudinis
1258 2655 1432 2718 mediocris.
1477 2658 1516 2740 (¹)
1542 2657 1598 2722 Sin

360 2849 393 2914 (ἴ)
414 2853 428 2883 0
449 2851 567 2899 Brittania
584 2816 684 2900 aideiicct
707 2853 729 2899 Τ
744 2852 768 2897 Ρ
784 2849 869 2911 aptati
881 2851 940 2894 100:
1007 2845 1044 2910 (¹)
1064 2851 1079 2878 ⁰
1101 2851 1165 2894 ua
1183 2850 1225 2895 Sia
1243 2849 1337 2922 variatio
1356 2849 1387 2895 ibi
1405 2848 1479 2908 maior
1496 2851 1532 2902 at,
1552 2849 1596 2897 &a

320 2913 424 2974 sequitur
434 2928 463 2960 ex
474 2914 657 2973 procedentibus
665 2913 727 2976 quod
737 2910 797 2959 illud
805 2910 868 2974 quod
876 2909 945 2957 debet
976 2910 1089 2985 manente
1109 2908 1191 2957 eidem
1211 2912 1339 2971 hypothesi,
1359 2911 1437 2958 Lunae
1452 2913 1532 2958 orbem
1549 2928 1599 2959 esse

320 2975 375 3023 addi
386 2976 416 3023 ad
426 2986 573 3024 momentum
585 2978 709 3024 minimum
722 2981 799 3025 10973
810 2984 844 3021 est
854 2973 886 3047 ad
898 2978 944 3022 100
975 2973 1109 3021 circularem
1120 2983 1144 3020 et
1156 2975 1250 3022 Lunam
1261 2976 1331 3021 aliam
1341 2989 1389 3020 non
1405 2976 1453 3035 pati
1463 2975 1598 3036 irregulari-

321 3049 348 3086 ut
358 3051 393 3086 est
404 3040 426 3087 P
437 3039 493 3114 ded
506 3041 527 3087 P
539 3042 568 3098 T,
580 3042 599 3087 si
610 3056 666 3116 ergo
673 3040 734 3116 ,ΡΙΤ
744 3039 774 3109 sit
788 3038 884 3112 aqualis
898 3052 944 3084 nu·
976 3045 1046 3111 tatem
1057 3047 1140 3096 prater
1150 3053 1200 3084 eam
1209 3053 1265 3114 ¹qua
1276 3041 1304 3086 ab
1314 3035 1344 3084 eit
1355 3048 1418 3113 parte
1429 3037 1525 3084 actionis
1538 3040 1598 3114 Solia

320 3116 386 3149 mero
398 3109 444 3150 100
455 3112 498 3150 ent
512 3103 556 3150 Pd
566 3105 662 3166 aequalia
671 3103 706 3150 1111
718 3117 815 3150 numero
825 3116 866 3163 qur
877 3100 945 3148 debet
975 3109 1076 3148 nascitur
1086 3116 1139 3161 quie
1149 3117 1190 3162 per
1200 3104 1285 3148 laneam
1298 3102 1320 3148 Ε
1333 3103 1355 3148 L
1366 3101 1507 3164 designatur,
1524 3116 1597 3150 vana-

321 3164 375 3212 addi
386 3165 417 3213 ad
427 3168 539 3215 momenti
550 3167 641 3215 minimi
652 3167 761 3214 valorem.
976 3164 1009 3210 tio
1021 3163 1097 3212 Luna
1108 3167 1151 3212 erit
1168 3181 1235 3212 arcus
1245 3165 1385 3224 interceptus
1401 3166 1461 3212 inter
1478 3164 1555 3212 locum
1571 3167 1597 3212 in

354 3229 389 3292 (¹¹)
405 3234 420 3261 ⁰
437 3232 469 3278 Ut
479 3247 571 3280 samma
581 3235 673 3280 namot
684 3236 772 3285 219‚46
781 3238 803 3278 et
813 3227 877 3277 tiaris
887 3230 946 3276 verti
975 3242 1023 3289 quo
1032 3227 1103 3276 Luna
1113 3245 1162 3276 esse
1172 3228 1264 3276 deberet
1274 3228 1294 3275 ai
1304 3228 1425 3276 velocitate
1433 3228 1477 3276 sui
1486 3229 1597 3276 mediocri

321 3295 337 3341 d
351 3295 492 3354 plicatoeditt
506 3297 593 3343 atioeL
683 3297 781 3356 quadrat
799 3290 827 3342 rt

337 3310 354 3342 a
491 3312 506 3341 a
593 3312 648 3344 aaa
658 3312 673 3342 a
782 3311 799 3342 a

379 3354 424 3406 'md
433 3359 460 3406 ia
468 3360 553 3406 &aab
597 3359 602 3371 ’
640 3361 719 3406 radiat
729 3367 761 3405 est
772 3360 826 3405 ani·

274 3410 279 3430 ¹
318 3373 449 3477 marea
459 3375 645 3469 momentiiitmin
661 3429 748 3482 puncto
760 3421 782 3468 P
792 3430 827 3467 est
911 3465 913 3470 ,

321 3492 351 3532 ut
362 3489 439 3534 10978
451 3486 485 3549 -Ι-
498 3484 551 3542 Pd,
563 3495 687 3534 astantem
698 3485 720 3532 P
731 3484 747 3532 d
757 3484 826 3531 dimi-

321 3547 388 3596 dium
412 3548 698 3611 dudsvmauaduplicatoe
712 3548 826 3596 distantia

323 3611 401 3660 Luna
410 3628 426 3660 ι
435 3611 575 3675 quadratura
581 3611 692 3674 proximi,
702 3627 757 3660 nam
764 3612 827 3660 dica·

322 3682 362 3721 an
377 3677 403 3722 N
418 3688 532 3736 punctum
549 3677 575 3723 in
591 3693 638 3739 quo
654 3677 715 3723 linea
733 3675 826 3723 PKL

323 3738 510 3794 secatcirculum,
520 3741 636 3788 mitarcus
645 3740 667 3787 P
677 3740 697 3787 C
707 3739 732 3787 N
740 3739 827 3799 duplus

323 3801 438 3848 diamntioe
455 3802 477 3849 P
489 3804 509 3852 C
524 3820 540 3852 ι
555 3800 696 3867 quadratum
714 3801 825 3862 proximi,

323 3861 439 3925 ductique
451 3865 475 3911 N
482 3880 499 3912 n
508 3865 692 3928 perpendiculari
702 3865 727 3911 in
734 3863 826 3912 radium

326 3926 382 3975 PT
399 3926 443 3974 erit
461 3927 509 3975 Pn
526 3931 591 3978 ainus
607 3945 687 3978 versus
703 3927 827 3987 duplicate

323 3990 387 4037 illius
402 3990 524 4047 distantia,
541 3993 646 4042 sedeam
663 3994 716 4042 Nn
731 4001 756 4039 et
772 3992 826 4039 Kd

324 4055 371 4101 sint
377 4054 578 4116 perpendiculares
588 4057 613 4102 in
623 4057 729 4105 eamdmn
739 4056 825 4103 bucam

322 4115 422 4181 idedque
439 4117 561 4179 maallelae,
581 4129 605 4166 et
622 4121 651 4168 sit
665 4129 780 4182 punctum
800 4120 826 4168 K

323 4181 427 4230 medium
438 4181 506 4229 linea
519 4182 541 4230 P
552 4183 584 4241 N,
596 4183 714 4232 eritetiam
725 4183 825 4233 dmedl·

323 4245 444 4293 umlineoe
465 4245 521 4303 Pa,
535 4245 823 4312 eritque'Pd={Pn‚

293 4309 308 4319 '
322 4309 372 4356 sive
382 4309 425 4357 erit
437 4309 459 4356 P
468 4308 484 4356 d
495 4309 619 4357 dimidium
634 4309 698 4357 sinlis
713 4313 771 4359 veni
781 4311 826 4360 du·

322 4371 414 4433 plicata
430 4372 544 4420 diaantiae
566 4374 642 4421 Lunai
658 4391 672 4421 a
686 4373 827 4436 quadrarunt

323 4432 794 4565 00000100
807 4449 945 4553 00
974 4452 1105 4555 vat
1120 4442 1367 4554 000
1385 4452 1408 4490 2‘
1423 4443 1594 4554 01ιο

1165 4520 1178 4553 c
1329 4521 1358 4553 cu
1368 4522 1395 4552 ua
1468 4522 1505 4553 em
1521 4521 1568 4552 van

323 4571 407 4690 &t
416 4564 631 4676 hulmffmiitiffi
646 4564 745 4678 dplpgtpp
754 4569 883 4693 1211914154-
896 4538 944 4616 Pri
974 4521 1197 4682 aenkfoeiedffim
1212 4521 1396 4628 expiroilemite
1407 4523 1509 4633 §direnti
1522 4523 1594 4629 expd:

394 4641 475 4675 uesta
505 4643 542 4675 rus
552 4643 570 4675 st
617 4639 645 4676 ut
702 4661 710 4686 ,
834 4648 857 4678 n.
975 4647 1030 4680 nete
1050 4635 1085 4682 aci
1117 4634 1167 4681 erit.
