3374 5774
199 457 310 522 Laura
326 455 506 535 Tanarus]
551 454 790 521 PRINCIPIA
814 453 1181 523 MATHEMATICA.
1412 461 1488 551 ¹⁸⁵.

157 643 159 646 ⁴
241 628 471 712 Atmosphoerae
491 641 682 694 cometarum
703 631 737 693 in
757 613 908 695 descensu
929 652 1037 695 eorum
1057 631 1090 694 in
1114 631 1218 697 Solem
1232 629 1427 695 excurrendo
1440 629 1477 694 in‘

199 732 323 810 caudas,
340 732 564 813 diminuuntur,
579 747 611 799 et
626 735 675 820 (ed
690 735 773 800 certe
787 737 820 800 in
833 747 922 830 parte
936 757 1007 823 quae
1020 738 1123 802 Solem
1135 737 1271 821 respicit)
1283 735 1475 823 augustiores

151 860 154 867 ·
198 840 389 906 redduntur:
412 855 444 907 et
457 844 592 907 vicissim
605 845 639 907 in
653 866 777 908 recessu
791 866 899 908 eorum
913 867 933 907 a
947 845 1030 922 Sole,
1046 845 1100 908 ubi
1110 847 1175 930 jam
1189 840 1292 907 mimis
1306 853 1477 907 excurrunt

197 946 231 1009 in
246 947 370 1024 caudas,
384 948 572 1033 ampliantur
579 974 588 1026 3
605 951 631 1012 si
644 949 740 1013 modb
754 951 961 1035 phaenomena
969 972 1080 1014 eorum
1092 951 1243 1015 Hevelius
1254 948 1339 1015 recte
1347 949 1475 1014 notavit.

199 1043 343 1120 Minimae
368 1069 470 1121 autem
495 1070 656 1142 apparent,
679 1058 733 1121 ubi
756 1059 858 1141 capita
878 1060 945 1143 jam
969 1057 1127 1122 modoad
1151 1057 1256 1122 Solem
1277 1056 1424 1121 calefacta
1441 1058 1475 1119 in
1514 1082 1517 1084 ·

198 1161 312 1225 caudas
332 1163 483 1225 maximas
504 1177 535 1226 et
555 1162 796 1248 fulgentissimas
811 1164 925 1243 abiere,
940 1175 973 1229 et
989 1164 1092 1228 nuclei
1106 1162 1193 1226 fumo
1206 1163 1310 1228 forsan
1326 1165 1476 1228 crassiore

198 1282 230 1334 et
242 1271 379 1357 nigriore
394 1272 426 1334 in
441 1271 719 1353 atmosphaerarum
732 1272 873 1356 partibus
887 1272 1000 1335 infimis
1015 1271 1244 1336 circundantur.
1275 1271 1359 1337 Nam
1372 1270 1475 1336 fumus

198 1378 298 1440 omnis
320 1376 439 1463 ingenti
461 1376 563 1439 calore
583 1378 736 1441 excitatus
757 1379 890 1441 crassior
910 1390 942 1443 et
961 1378 1079 1465 nigrior
1093 1400 1159 1443 esse
1174 1378 1262 1441 solet.
1308 1378 1361 1442 Sic
1382 1390 1476 1462 caput

197 1496 338 1559 cometae,
355 1484 396 1546 de
410 1503 473 1568 quo
487 1484 617 1570 egimus,
632 1485 666 1547 in
679 1485 849 1571 aequalibus
864 1509 883 1550 a
898 1487 972 1551 Sole
987 1509 1024 1551 ac
1038 1486 1138 1550 Terrd
1151 1486 1303 1551 distantiis
1314 1487 1475 1550 obscurius

198 1593 342 1676 apparuit
355 1605 427 1677 post
441 1593 625 1676 perihelium
640 1616 732 1658 suum
746 1592 839 1679 quam
854 1605 954 1659 antea.
992 1592 1106 1660 Mense
1120 1596 1204 1658 enim
1219 1595 1389 1659 Decembri
1404 1617 1476 1659 cum

198 1701 294 1765 stellis
308 1702 408 1764 tertiae
422 1702 644 1789 magritudinis
658 1702 791 1766 conferri
805 1702 933 1780 solebat,
955 1714 988 1767 at
1007 1724 1113 1766 mense
1129 1703 1300 1766 Novembri
1314 1724 1386 1766 cum
1402 1702 1475 1766 stel-

196 1810 235 1874 lis
256 1811 366 1895 primae
387 1823 419 1875 et
441 1813 597 1877 secundae.
643 1812 686 1876 Et
700 1811 753 1897 qui
771 1823 936 1897 utrumque
951 1810 1102 1888 videraut,
1124 1811 1275 1895 majorem
1287 1810 1475 1891 ¹describunt

196 1927 350 1980 cometam
377 1917 525 2001 priorem.
583 1918 668 1980 Nam
691 1917 800 2000 juveni
825 1916 948 2008 cuidam
973 1916 1231 2002 Cantabrigiensi,
1263 1915 1394 1979 Novem.
1409 1924 1473 1981 «19.

196 2033 317 2086 cometa
340 2021 429 2085 hicce
453 2023 523 2086 luce
543 2021 598 2086 sui
614 2021 809 2107 quantumvis
829 2019 975 2104 plumbei
997 2032 1028 2084 et
1049 2020 1169 2096 obtusi,
1185 2019 1329 2104 oequabat
1349 2021 1475 2104 Spicam

197 2128 348 2214 Virginis,
365 2139 397 2191 et
411 2126 522 2199 clarius
538 2127 672 2191 micabat
686 2126 779 2213 quam
792 2139 907 2211 postea
945 2126 993 2190 Et
1004 2125 1193 2191 Montenaro
1208 2125 1289 2189 Nor.
1300 2133 1351 2190 20.
1364 2139 1402 2190 st
1412 2139 1474 2209 vet.

195 2246 318 2298 cometa
332 2233 502 2317 apparebat
517 2235 616 2318 major
630 2233 724 2297 stellis
738 2232 848 2316 primae
862 2231 1095 2319 magnitudinis,
1116 2233 1267 2296 existente
1281 2231 1380 2296 caudi
1395 2233 1476 2298 duo·

197 2363 269 2405 rum
283 2341 438 2428 graduum
458 2341 669 2429 longitudinis.
714 2340 758 2404 Et
777 2341 821 2405 D.
839 2341 945 2405 Storer
959 2340 1067 2418 literis,
1091 2363 1162 2426 quae
1182 2341 1216 2404 iu
1229 2354 1475 2406 mauusnoatrar

195 2450 345 2526 incidere,
370 2451 493 2534 scripsit
513 2463 607 2534 caput
628 2452 693 2535 ejus
714 2444 820 2513 mense
841 2449 1020 2528 Decembri,
1043 2450 1097 2513 ubi
1114 2451 1246 2514 caudam
1259 2450 1429 2514 maximam
1442 2461 1475 2515 et

196 2555 461 2642 fulgentissimam
490 2556 658 2633 emittebat,
687 2578 819 2641 parvum
847 2579 914 2621 esse
942 2568 974 2622 et
1001 2558 1214 2644 magnitudine
1241 2558 1353 2628 visibili
1381 2557 1475 2645 longe

195 2668 305 2733 cedere
335 2685 477 2744 cometae,
506 2666 560 2750 qui
588 2685 694 2729 mense
723 2665 894 2730 Novembri
922 2678 995 2730 ante
1025 2667 1107 2732 Solis
1136 2681 1240 2730 ortum
1277 2679 1472 2752 apparuerat.
1550 2689 1553 2694 ·

197 2772 296 2862 Cujus
321 2779 366 2843 rei
390 2779 542 2841 rationem
563 2798 630 2840 esse
652 2776 892 2860 conjectabatur,
915 2776 1000 2862 quod
1020 2776 1149 2841 materia
1170 2776 1280 2861 capitis
1296 2776 1360 2854 ,sub
1384 2776 1474 2840 initio

197 2886 353 2969 copiosior
368 2895 457 2962 esset,
474 2896 506 2946 et
518 2883 923 2967 paulatim-consumeretur.
1071 2959 1072 2962 Ἴ

243 2992 365 3056 Eodem
387 3003 526 3076 spectare
547 2991 684 3069 videtur,
702 2991 788 3076 quod
803 2992 904 3076 capita
918 3001 1107 3056 cometarum
1121 2992 1262 3070 aliorum,
1286 2992 1340 3078 qui
1360 2991 1474 3055 caudas

195 3100 347 3163 maximas
370 3110 402 3162 et
420 3097 671 3184 fulgentissimus.
683 3098 862 3174 emiserunt,
885 3097 1085 3182 apparuerint
1103 3098 1293 3162 subobscura
1306 3110 1338 3162 et
1351 3099 1473 3183 exigua.
1546 3152 1549 3157 ,

198 3205 283 3270 Nam
303 3226 386 3270 auno
409 3214 502 3270 1668.
520 3205 616 3271 Mart.
633 3212 662 3268 5.
678 3216 716 3268 st.
730 3227 802 3269 nov.
816 3202 894 3269 hori
910 3203 1039 3288 septimi
1059 3202 1230 3288 vespertini
1248 3205 1289 3266 R.
1305 3204 1343 3268 P.
1359 3204 1475 3281 Valen-

195 3313 279 3377 tinus
302 3311 475 3388 Estancius,
500 3311 641 3375 Brasiliae
666 3321 948 3398 agens,.cometam
968 3308 1047 3373 vidit
1067 3308 1220 3372 horizonti
1241 3309 1420 3392 proximum
1435 3308 1475 3372 ad

195 3444 342 3487 occasum
366 3422 446 3486 Solis
468 3422 651 3500 brumalem,
675 3421 776 3505 capite
796 3420 925 3486 minimo
946 3432 978 3484 et
998 3420 1052 3483 vix
1074 3420 1252 3503 conspicuo,
1276 3418 1374 3484 caudi
1399 3417 1475 3483 verb

196 3526 290 3611 supra
304 3526 434 3590 modum
448 3525 596 3614 fulgente,
612 3540 648 3591 ut
662 3538 777 3591 stantes
799 3526 833 3588 in
854 3525 958 3589 littore
972 3525 1107 3610 speciem
1122 3527 1188 3608 ejus
1203 3547 1221 3588 e
1234 3525 1314 3588 mari
1328 3526 1475 3589 reflexam

196 3635 287 3700 facile
307 3646 479 3699 cernerent.
525 3636 668 3719 Speciem
687 3635 796 3720 utique
810 3634 945 3698 habebat
959 3635 1054 3699 trabis
1069 3634 1258 3719 splendentis
1280 3633 1475 3721 longitudine

196 3748 236 3805 23
252 3740 418 3827 graduum,
433 3740 473 3804 ab
488 3741 648 3805 occidente
661 3741 695 3804 in
710 3752 851 3831 austrum
863 3762 1005 3828 vergens,
1021 3752 1053 3806 et
1070 3741 1224 3806 horizonti
1238 3740 1303 3804 ferd
1316 3740 1473 3826 parallela.

196 3846 317 3911 Tantus
332 3860 436 3912 autam
457 3848 605 3931 splendor
624 3859 687 3913 tres
709 3846 812 3912 soldm
829 3848 895 3912 dies
916 3849 1058 3928 durabat,
1073 3848 1204 3915 subinde
1228 3850 1406 3914 notabiliter
1419 3849 1474 3913 de·

197 3976 354 4032 crescens3
376 3968 408 4021 et
429 3957 547 4020 interea
568 3955 766 4019 decrescente
782 3954 946 4039 splendore
960 3967 1050 4020 aucta
1069 3967 1117 4020 est
1137 3955 1351 4042 magnitudine
1365 3953 1473 4018 cauda.

196 4065 292 4131 Unde
309 4068 401 4130 etiam
422 4068 456 4130 in
479 4064 640 4131 Lusitauid
661 4077 804 4152 quartam
822 4063 887 4149 fera
906 4065 977 4129 coeli
992 4077 1113 4149 partem
1133 4066 1179 4150 (id
1200 4076 1257 4142 est,
1280 4061 1395 4150 gradus
1417 4061 1473 4140 45)

194 4192 362 4255 occupasse
370 4171 482 4237 dicitur
494 4173 534 4236 ab
545 4172 706 4236 occidente
719 4172 754 4234 in
764 4171 915 4236 orientem
925 4171 1090 4255 splendore
1101 4194 1173 4236 cum
1184 4171 1298 4259 insigni
1310 4181 1457 4254 portensa
1463 4195 1473 4248 3
1548 4255 1549 4258 Ἴ

194 4300 253 4342 nec
266 4290 450 4361 tamentota
463 4282 615 4366 apparuit,
627 4280 730 4365 capite
744 4302 866 4366 semper
882 4281 916 4343 in
929 4279 978 4344 his
993 4280 1172 4367 regionibus
1187 4278 1266 4344 infrd
1279 4277 1475 4345 horizontem

190 4383 402 4450 delitescente.
440 4385 493 4449 Ex
506 4389 697 4453 incremento
712 4386 820 4452 caudae
835 4399 867 4450 et
881 4385 1078 4451 decremento
1092 4385 1265 4471 splendoris
1279 4383 1475 4448 manifestum
1535 4406 1541 4419 .

194 4503 250 4570 est,
278 4491 363 4576 quod
388 4502 483 4575 caput
507 4515 526 4556 a
550 4495 623 4558 Sole
645 4495 782 4572 recessit,
803 4493 893 4579 eique
914 4494 1092 4577 proximum
1111 4493 1170 4557 fuit
1187 4492 1285 4569 initio,
1309 4514 1369 4576 pro
1386 4513 1475 4556 more

198 4609 329 4662 cometae
344 4598 417 4661 anni
434 4606 527 4662 1680.
565 4598 608 4662 Et
621 4599 654 4662 in
673 4597 830 4665 Chronico
846 4599 1003 4664 Saxonico
1018 4599 1125 4665 similis
1139 4598 1252 4684 legitur
1267 4609 1387 4662 cometa
1401 4599 1474 4663 anni

199 4715 291 4773 1106.
313 4706 394 4793 cujus
414 4709 501 4772 stella
523 4717 590 4771 crat
605 4728 708 4790 patna
722 4718 752 4772 et
765 4707 888 4772 obscura
910 4711 959 4793 (ut
979 4707 1030 4773 ille
1044 4707 1117 4772 anni
1135 4705 1241 4785 1680.)
1263 4707 1317 4769 sed
1335 4705 1474 4788 splendor
