3374 5774
202 447 263 510 174
520 435 860 505 PHILOSOPHIAE
884 435 1156 505 NATURALIS
1178 439 1249 519 [Dr.
1262 437 1385 506 Muun.
1399 438 1503 507 Srsr.

202 612 407 698 superiorem,
430 610 564 698 ideoque
584 610 723 676 medium
745 611 811 695 ejus
833 610 968 674 distabat
988 634 1008 675 a
1028 609 1116 676 stellis
1137 608 1190 674 illi
1206 618 1258 675 2⁸².
1277 613 1336 677 15‘.
1350 624 1501 679 austrum

199 742 318 798 versus,
341 731 373 785 et
394 719 544 784 terminus
567 718 708 801 superior
730 729 797 780 erat
817 717 851 778 in
869 726 895 780 κ
914 723 987 780 22¹¹.
1004 739 1076 781 cum
1096 718 1262 782 latitudine
1277 717 1396 784 boreali
1416 729 1499 786 61⁸¹.

203 827 246 891 Et
269 826 344 890 hinc
365 826 460 914 longa
474 836 541 890 erat
562 823 663 888 cauda
684 830 758 892 70⁸¹.
773 822 905 887 circiter.
950 823 1029 888 Dec.
1047 831 1098 888 21.
1120 823 1231 888 eadem
1254 825 1403 914 surgebat
1427 827 1496 893 fere

198 940 239 1004 ad
253 938 435 1004 cathedram
451 934 652 1020 Cassiopeiae,
674 935 836 1020 aequaliter
854 935 972 999 distans
986 957 1006 998 a
1018 937 1040 1010 β
1054 947 1086 998 et
1101 934 1242 1013 Schedir,
1265 948 1297 1000 et
1311 935 1496 1002 distantiam

198 1046 237 1110 ah
253 1046 386 1130 utrique
399 1043 556 1108 distantioe
570 1063 677 1105 earum
692 1041 732 1105 ab
747 1041 879 1104 invicem
894 1041 1045 1126 aequalern
1059 1040 1188 1119 habens,
1199 1042 1332 1129 ideoque
1342 1043 1495 1110 desinens

197 1153 230 1217 in
245 1165 277 1212 ‘r
293 1160 369 1216 24⁸¹.
386 1173 459 1216 cum
480 1148 646 1214 latitudine
668 1152 765 1230 473⁸*-
820 1149 899 1213 Dec.
916 1156 968 1214 29.
991 1149 1091 1213 cauda
1104 1149 1252 1236 tangebat
1267 1149 1383 1216 Scheat
1396 1138 1493 1215 sitam

196 1266 238 1329 ad
252 1265 419 1341 sinistram,
432 1274 464 1327 et
478 1260 676 1325 intervallum
692 1260 850 1324 stellarum
861 1259 994 1324 duarum
1006 1260 1041 1325 in
1051 1259 1132 1344 pede
1143 1260 1262 1324 boreali
1273 1260 1491 1325 Andromedae

196 1371 340 1440 accurate
355 1364 541 1455 complebat,
557 1381 589 1432 et
603 1368 698 1454 longa
712 1378 780 1434 ‚erat
795 1374 879 1443 54⁸¹3
902 1366 1035 1453 ideoque
1050 1367 1211 1431 desinebat
1224 1369 1257 1431 in
1279 1376 1299 1430 ὅ
1322 1376 1395 1433 19⁸¹.
1415 1391 1491 1433 cum
1510 1402 1514 1407 ·

196 1480 361 1546 latitudine
384 1485 458 1544 85⁸¹.
514 1477 584 1541 Jan
601 1484 630 1541 5.
653 1474 754 1539 cauda
774 1475 874 1563 tetigit
896 1475 1016 1540 stellam
1035 1498 1056 1536 a
1076 1476 1110 1538 in
1130 1490 1257 1560 pectore
1271 1477 1490 1542 Andromedae

196 1589 238 1654 ad
252 1590 335 1653 latus
350 1588 416 1672 ejus
432 1585 590 1662 dextrum,
612 1597 645 1649 et
659 1582 780 1648 stellam
800 1609 823 1658 μ
836 1585 869 1647 in
884 1584 949 1668 ejus
964 1583 1089 1671 cingulo
1104 1583 1240 1648 adlatus
1255 1584 1435 1661 sinistmm3
1457 1599 1491 1650 et

196 1698 307 1782 (juxta
327 1693 559 1760 observationes
580 1692 716 1772 nostras)
739 1691 835 1778 longa
856 1703 923 1755 erat
944 1699 1028 1767 1ος
1051 1713 1146 1756 curva
1164 1705 1268 1756 autem
1283 1706 1350 1758 erat
1364 1706 1397 1757 et
1411 1716 1490 1758 con·

195 1828 276 1870 vexo
301 1806 398 1868 latere
422 1800 583 1886 spectabat
607 1799 649 1864 ad
674 1810 825 1864 austrum.
871 1798 954 1864 Cum
979 1800 1097 1864 circulo
1120 1823 1178 1885 per
1203 1801 1307 1866 Solem
1330 1813 1363 1865 et
1391 1814 1490 1887 caput

196 1925 325 1977 cometae
339 1920 521 1977 transeunte
535 1906 687 1994 angulum
702 1905 835 1970 confecit
848 1904 1004 1993 graduum
1018 1915 1049 1970 4.
1065 1908 1157 1992 juxta
1172 1919 1266 1992 caput
1280 1921 1430 1985 cometae3
1453 1922 1489 1973 at

190 2021 283 2104 juxta
304 2016 473 2082 terminum
487 2013 621 2078 alterum
641 2012 850 2077 inclinabatur
865 2011 906 2075 ad
921 2012 1071 2107 circulum
1084 2013 1174 2076 illum
1189 2015 1222 2077 in
1236 2014 1352 2102 angulo
1369 2026 1419 2080 10.
1436 2019 1490 2082 vel

198 2137 247 2192 11.
262 2125 429 2214 graduum,
453 2135 485 2187 et
505 2122 624 2188 chorda
639 2122 748 2185 caudae
762 2143 835 2184 cum
850 2118 967 2185 circulo
981 2121 1035 2186 illo
1050 2123 1228 2187 continebat
1241 2118 1392 2212 angulum
1412 2150 1489 2214 gra-

198 2236 298 2299 duum
319 2242 401 2296 octo.
456 2230 527 2294 Jan.
547 2237 597 2293 111.
620 2227 720 2291 canda
733 2227 804 2291 luce
819 2227 893 2290 satis
907 2227 1044 2292 sensibili
1066 2230 1289 2294 terminabatur
1310 2232 1392 2296 inter
1407 2235 1489 2299 Ala·

194 2342 286 2408 mech
308 2353 340 2407 et
362 2339 468 2428 Algol,
493 2351 525 2403 et
545 2326 615 2401 luce
636 2334 816 2401 tenuissimi
838 2335 1001 2400 desinebat
1014 2359 1033 2400 e
1047 2338 1174 2424 regione
1189 2338 1318 2402 stellaex
1338 2341 1373 2404 in
1387 2341 1489 2407 latere

195 2453 312 2520 Persei.
357 2449 519 2516 Distantia
540 2447 666 2512 termini
688 2444 796 2510 caudoe
818 2467 838 2508 a
858 2445 975 2512 circulo
996 2444 1102 2510 Solem
1116 2458 1148 2512 et
1162 2460 1315 2511 cometam
1331 2449 1489 2536 jungente

194 2576 262 2628 erat
277 2569 329 2626 3⁸¹.
346 2561 407 2625 50‘.
423 2570 455 2623 et
469 2557 630 2621 inclinatio
645 2555 776 2620 chordae
790 2554 899 2619 caudae
913 2555 954 2619 ad
967 2554 1119 2621 circulum
1132 2557 1221 2622 illum
1235 2564 1311 2640 W·
1343 2559 1415 2625 Jan.
1432 2569 1486 2626 25.

194 2683 227 2734 et
241 2677 292 2733 26.
315 2665 415 2732 cauda
436 2664 506 2728 luce
528 2663 615 2727 tenui
636 2661 771 2726 micabat
792 2662 833 2725 ad
853 2662 1081 2750 longitudinem
1102 2664 1258 2750 graduum
1272 2674 1303 2730 6.
1319 2666 1369 2730 vel
1385 2673 1422 2744 73
1455 2681 1489 2733 et

195 2792 287 2844 nocte
308 2776 370 2841 unii
394 2788 425 2840 et
446 2772 543 2838 alteri
567 2784 715 2857 sequente
730 2771 784 2835 ubi
799 2771 913 2835 coelum
928 2771 1018 2836 valde
1034 2794 1177 2836 serenum
1192 2784 1268 2850 erat,
1283 2773 1353 2838 luce
1367 2777 1488 2840 tenuis·

195 2887 271 2952 sinui
287 2901 319 2952 et
333 2884 496 2974 aegerrime
511 2883 649 2948 sensibili
670 2882 841 2969 attingebat
861 2881 1088 2969 longitudinem
1102 2882 1258 2969 graduum
1273 2883 1439 2949 duodecim
1454 2899 1489 2951 et

194 2994 289 3081 paulo
304 2996 395 3058 ultra.
439 2993 645 3080 Dirigebatur
661 3004 766 3056 autem
780 2993 847 3076 ejus
862 2990 929 3055 axis
944 2991 986 3054 ad
1000 2991 1134 3056 lucidam
1148 2994 1182 3056 in
1196 2991 1328 3058 humero
1341 2993 1488 3059 orientali

195 3105 325 3192 Aurigae
340 3102 494 3180 accurate,
517 3102 652 3187 idehque
666 3101 843 3166 declinabat
857 3102 897 3164 ab
911 3102 1108 3185 oppositione
1131 3103 1213 3168 Solis
1235 3103 1362 3169 boream
1376 3127 1489 3169 versus

194 3212 227 3275 in
242 3210 358 3299 angulo
378 3209 535 3298 graduum
550 3208 667 3272 decem.
712 3208 860 3293 Denique
876 3208 904 3272 F
904 3207 952 3270 eb.
972 3216 1020 3273 10.
1036 3210 1168 3274 caudam
1181 3211 1280 3276 oculis
1294 3212 1421 3277 muratis
1435 3235 1488 3277 as-

194 3320 269 3406 pexi
291 3318 409 3406 gradus
434 3317 513 3380 duos
538 3315 676 3401 longam.
731 3315 815 3379 Nam
839 3313 895 3377 lux
918 3315 1069 3397 proediota
1093 3317 1216 3381 tenuior
1237 3340 1296 3402 per
1319 3318 1397 3381 vitra
1418 3339 1486 3380 non

195 3428 351 3512 apparuit.
399 3424 570 3489 Ponthoeus
584 3435 690 3487 autem
706 3421 782 3485 Feb.
796 3429 825 3489 7.
841 3443 875 3485 se
889 3420 1020 3486 caudam
1035 3422 1075 3485 ad
1090 3422 1316 3509 longitudinem
1327 3422 1484 3511 graduum

199 3540 247 3597 la.
264 3531 378 3613 vidisse
393 3530 508 3595 scribit
555 3527 630 3592 Feb.
647 3536 699 3592 25.
715 3539 745 3591 et
760 3526 907 3611 deinceps
922 3541 1042 3591 cometa
1057 3528 1124 3592 sine
1138 3529 1237 3593 cauda
1251 3529 1402 3614 apparuit.

240 3638 361 3703 Orbem
378 3639 445 3724 jam
466 3634 658 3721 descriptum
681 3634 833 3718 spectanti
848 3633 1013 3720 etreliqua
1027 3648 1158 3699 cometae
1172 3636 1264 3722 hujus
1277 3635 1488 3720 phaenomena

196 3749 231 3812 in
252 3748 358 3811 animo
379 3745 559 3822 revolventi,
582 3744 668 3836 haud
684 3743 848 3808 difficulter
862 3745 1025 3822 constabit,
1049 3746 1135 3830 quod
1148 3768 1281 3831 corpora
1295 3758 1488 3811 cometarum

197 3867 271 3921 sunt
285 3854 393 3931 solida,
416 3864 589 3938 compacta,
614 3853 678 3914 fixa
694 3873 730 3914 ac
745 3851 899 3914 durabilia
914 3850 954 3914 ad
974 3852 1073 3914 instar
1087 3874 1256 3937 corporum
1276 3852 1486 3937 planetarum.

198 3965 284 4031 Nam
299 3965 326 4028 si
340 3963 419 4027 nihil
439 3963 526 4027 aliud
546 3974 649 4026 essent
665 3959 759 4047 quim
774 3983 905 4045 vapores
920 3961 970 4026 vel
983 3962 1198 4028 exhalationes
1214 3965 1334 4042 Terrae,
1359 3965 1442 4029 Solis
1457 3977 1491 4029 et
1556 4032 1559 4039 ,

198 4075 404 4160 planetarum,
427 4085 548 4138 cometa
560 4073 650 4136 hicce
670 4071 704 4134 in
718 4071 850 4134 transitu
865 4093 923 4135 suo
943 4093 1001 4156 per
1021 4073 1167 4137 viciniam
1183 4073 1264 4138 Solis
1278 4073 1382 4138 statim
1396 4073 1490 4138 dissi-

198 4185 268 4266 pari
283 4182 448 4248 debuisset
495 4182 554 4247 Est
567 4181 650 4245 enim
665 4179 750 4244 calor
766 4179 847 4246 Solis
862 4191 898 4244 ut
911 4179 1072 4259 radiorum
1086 4181 1231 4277 densitas,
1251 4181 1314 4246 hoc
1328 4193 1384 4258 est,
1407 4183 1490 4246 reci-

93 4314 97 4325 ¹
200 4289 296 4375 proce
318 4301 354 4353 ut
374 4287 561 4377 quadratum
583 4290 739 4354 distantiae
760 4291 901 4356 locorum
923 4316 942 4356 a
965 4293 1047 4357 Sole.
1093 4293 1232 4380 Ideoque
1251 4290 1323 4358 culm
1342 4293 1491 4358 distantia

201 4410 331 4463 cometae
353 4421 373 4462 a
393 4409 502 4463 centro
525 4399 606 4464 Solis
628 4402 780 4466 Decemb.
797 4412 827 4467 8.
843 4402 898 4466 ubi
916 4403 949 4466 in
968 4403 1121 4488 perihelio
1141 4406 1330 4481 versabatur,
1353 4417 1436 4469 esset
1449 4403 1488 4467 ad

153 4582 156 4589 ¹
202 4508 382 4572 distantiam
405 4507 516 4573 Terrae
538 4530 558 4571 a
578 4521 686 4572 centro
710 4510 792 4575 Solis
814 4522 850 4575 ut
866 4519 885 4575 6
902 4511 944 4574 ad
962 4520 1045 4577 1000
1060 4513 1190 4591 circiter,
1207 4512 1292 4577 calor
1308 4513 1391 4577 Solis
1406 4510 1487 4596 apud

203 4627 358 4682 cometam
381 4637 419 4677 eo
439 4628 580 4701 tempore
602 4627 668 4678 erat
689 4616 729 4679 ad
751 4617 886 4680 calorem
903 4617 984 4681 Solis
998 4620 1097 4683 aestivi
1117 4619 1202 4703 apud
1216 4640 1273 4684 nos
1289 4632 1324 4684 ut
1341 4627 1489 4685 1000000

203 4727 244 4792 ad
259 4735 311 4804 86,
323 4746 382 4790 seu
397 4731 503 4789 28000
517 4724 559 4790 ad
575 4732 602 4788 1.
646 4724 711 4790 Sed
725 4725 810 4789 calor
824 4746 915 4812 aquae
929 4725 1105 4792 ebullientis
1119 4740 1166 4792 est
1179 4727 1268 4815 quasi
1282 4727 1378 4813 triplo
1391 4729 1493 4814 major
