3374 5774
10 557 14 563 Ι
130 468 241 529 1111111
256 463 438 545 ’1111111111
488 460 727 526 PRINCIPIA
749 453 1119 523 MATHEMATICA.
1352 461 1411 516 113

131 629 276 695 distantia
302 637 371 715 (per
399 628 617 696 Corollarium'
632 631 785 714 superius)
799 641 858 694 est
882 630 923 693 ad
946 627 1121 691 distantiam
1147 626 1244 689 centri
1264 625 1370 689 Lunae
1395 645 1414 686 a

131 738 289 801 communi
302 737 461 824 gravitatis
476 747 583 800 centro
598 736 708 799 Terrae
723 747 754 799 et
770 737 880 812 Lunae,
897 747 932 798 ut
946 741 1061 802 40788
1077 733 1119 795 ad
1133 739 1264 799 39.788:
1281 731 1414 815 ideoque

132 846 276 910 distantia
298 846 450 929 posterior
477 858 523 907 est
546 845 661 927 pedum
688 851 909 909 1158268534.
953 839 1090 906 Etcum
1114 839 1206 902 Luna
1228 839 1412 915 revolvatur,

131 966 273 1039 respectu
289 954 432 1031 fixarum,
455 952 633 1029 (1111111127,
649 951 734 1014 horis
750 960 779 1028 7,
798 962 830 1014 et
843 949 969 1013 minutis
984 947 1092 1031 primis
1106 946 1185 1026 4333
1210 944 1293 1007 sinus
1309 967 1414 1008 versus

131 1064 247 1149 anguli,
271 1085 362 1147 quem
378 1061 471 1124 Luna
491 1073 632 1143 tempore
652 1060 764 1122 minuti
779 1061 870 1122 unius
884 1057 977 1141 primi
991 1057 1147 1133 describit,
1170 1067 1217 1119 est
1234 1047 1412 1133 12752341,

132 1173 294 1236 existente·
307 1171 395 1233 radio
422 1178 798 1246 1000‚000000,000000.
844 1167 886 1230 Et
906 1179 942 1230 ut
962 1166 1066 1230 radius
1089 1178 1135 1228 est
1156 1165 1197 1228 ad
1213 1164 1298 1227 hunc
1313 1163 1414 1226 sinum

130 1303 264 1356 versum,
289 1278 332 1342 ita
347 1290 419 1341 sunt
432 1277 528 1360 pedes
546 1285 756 1342 1158268534
781 1276 826 1339 ad
844 1275 940 1358 pedes
958 1281 1169 1341 14.7706353.
1213 1273 1306 1337 Luna
1320 1272 1415 1358 igitur

130 1387 161 1448 vi
182 1384 244 1462 11111,
270 1382 331 1468 quai
346 1384 497 1446 retinetur
510 1385 544 1446 in
559 1383 644 1459 orbe,
670 1382 810 1447 cadendo
824 1383 857 1444 in
872 1382 1014 1457 Terram,
1041 1393 1181 1464 tempore
1196 1381 1308 1443 minuti
1323 1381 1415 1444 unius

128 1495 222 1578 primi
245 1493 400 1556 describet
423 1493 519 1575 pedes
547 1499 758 1560 ramosam.
806 1490 849 1555 Et
874 1489 1017 1576 augendo
1043 1489 1123 1552 hanc
1149 1490 1212 1551 vim
1236 1490 1269 1551 in
1293 1489 1415 1552 ratione

132 1600 235 1681 17811
261 1599 301 1660 ad
329 1599 440 1682 17711,
466 1598 632 1661 habebitur
646 1598 691 1659 vis
707 1608 771 1660 tota
785 1596 943 1682 gravitatis
968 1596 1002 1657 11
1027 1597 1103 1659 orbe
1118 1595 1219 1658 Lunae
1234 1617 1291 1679 per
1308 1595 1414 1659 Coroi.

132 1704 228 1787 Prop.
243 1704 304 1766 III.
344 1703 386 1765 Et
400 1701 459 1765 hac
473 1704 503 1765 vi
518 1703 610 1766 Luna
625 1702 765 1766 cadendo
776 1714 915 1785 tempore
930 1702 1040 1763 minuti
1055 1703 1147 1763 unius
1157 1701 1250 1786 primi
1261 1700 1415 1764 describet

128 1809 224 1893 pedes
242 1815 456 1876 148538067.
483 1801 485 1805 ¹
503 1808 547 1872 Et
560 1809 601 1871 ad
616 1809 837 1896 sexagesimam
852 1820 971 1891 partem
987 1808 1141 1872 (1111111111
1159 1809 1261 1872 Lunae
1276 1831 1295 1871 a
1308 1821 1415 1871 centro

130 1916 249 1992 Terrae,
277 1916 310 1978 id
332 1916 437 1979 estad
460 1915 636 1979 distantiam
650 1917 767 2000 pedum
785 1924 974 1984 197896573
997 1922 1016 1979 a
1036 1930 1143 1980 centro
1159 1918 1278 1995 Terrae,
1302 1940 1415 2001 corpus

131 2046 227 2109 grave
255 2034 395 2107 tempore
423 2024 536 2086 minuti
565 2024 657 2086 unius
687 2023 815 2087 secundi
844 2012 987 2086 cadendo
1018 2025 1172 2090 describet
1200 2029 1291 2090 etiam
1318 2028 1415 2112 pedes

131 2139 344 2199 14..8538067
392 2131 591 2217 Idebquead
601 2131 779 2194 distantiam
798 2131 914 2216 pedum
931 2141 1110 2209 19615800,
1134 2156 1204 2218 quae
1217 2148 1289 2199 aunt
1304 2136 1415 2220 Terroe

128 2260 221 2301 semi·
197 2238 371 2301 -diameter
392 2219 567 2313 mediocria,
594 2259 689 2324 grave
710 2237 850 2300 cadendo
872 2237 1026 2301 describet
1045 2239 1141 2322 pedes
1165 2247 1336 2317 15.11175‚
1360 2264 1415 2305 seu

128 2344 225 2429 pedes
243 2352 292 2420 15,
310 2343 374 2429 dig.
393 2353 420 2419 I,
444 2356 476 2407 et
495 2344 549 2406 lin.
565 2345 635 2422 41²r·
682 2343 748 2407 Hic
766 2344 825 2406 erit
838 2343 1003 2408 descensus
1026 2367 1192 2428 corporum
1206 2347 1240 2408 in
1253 2346 1416 2412 latitudine

128 2453 284 2540 graduum
307 2460 359 2516 45.
405 2452 448 2516 Et
471 2474 529 2535 per
543 2439 680 2515 tabulam
694 2452 923 2536 praecedentem
947 2453 981 2514 in
1006 2452 1100 2535 Prop.
1118 2453 1199 2518 XX.
1217 2454 1413 2539 descriptam,

130 2561 297 2624 descensus
323 2560 381 2621 erit
405 2558 499 2642 paulo
525 2560 624 2642 major
645 2558 679 2620 in
702 2558 866 2622 latitudine
890 2558 1024 2622 Lutetiae
1050 2559 1240 2624 Parisiorum
1264 2561 1415 2625 existente

131 2692 259 2733 excessu
282 2667 369 2753 quasi
392 2667 413 2750 1
438 2667 573 2751 partium
597 2667 697 2731 lineoe.
754 2667 872 2732 Gravia
891 2666 990 2757 igitur
1012 2690 1068 2751 per
1091 2667 1152 2730 hoc
1175 2681 1357 2751 computum
1382 2669 1415 2731 in
1536 2668 1542 2677 '

127 2775 294 2839 'artitudine
315 2773 450 2838 Lutetioe
471 2772 614 2838 cadendo
638 2775 671 2837 11
696 2797 794 2839 vacuo
815 2775 992 2840 describent
1013 2774 1153 2860 tempore
1173 2778 1265 2840 unius
1287 2778 1415 2842 secundi

127 2881 224 2967 pedes
242 2880 433 2945 Parisienses
451 2889 501 2955 15,
517 2880 581 2966 dig.
599 2888 627 2956 l,
643 2892 675 2943 et
688 2880 742 2944 lin.
759 2882 820 2962 411
835 2882 965 2945 circiter.
1004 2882 1047 2945 Et
1061 2883 1087 2945 si
1101 2883 1236 2968 gravitas
1256 2885 1415 2948 minuatur

128 2987 299 3079 auferendo
324 2987 389 3048 vim
414 2985 628 3072 centrifugam,
655 3009 726 3071 quae
751 2988 850 3050 oritur
874 3010 894 3050 a
918 2999 1006 3052 motu
1030 2987 1144 3051 diurno
1170 2988 1280 3052 Terrae
1304 2989 1338 3052 in
1363 2990 1415 3054 illa

127 3076 302 3170 latitudine,
328 3090 504 3186 3111111111
529 3093 672 3157 cadendo
686 3095 863 3159 describent
884 3108 1024 3179 tempore
1038 3097 1150 3164 minuti
1173 3099 1264 3162 unius
1288 3099 1415 3164 secundi

127 3203 224 3287 pedes
242 3212 292 3280 15,
308 3203 372 3290 dig.
390 3211 419 3279 l,
435 3214 465 3266 et
479 3202 533 3265 lin.
553 3207 602 3283 11.
647 3203 690 3267 Et
702 3202 762 3267 bac
776 3204 937 3268 velocitate
952 3206 1060 3290 gravia
1080 3205 1191 3269 cadere
1205 3207 1239 3268 11
1253 3207 1415 3271 latitudine

131 3312 267 3375 Lutetiae
282 3333 377 3395 supra
391 3321 550 3374 ostensum
564 3322 612 3374 est
626 3310 666 3374 ad
683 3312 779 3397 Prop.
796 3311 854 3376 IV.
870 3324 902 3377 et
916 3313 1016 3377 XIX.

171 3405 904 3490 001018.11111111111111100111111110111111
919 3422 1038 3485 Terrae
1052 3434 1083 3486 et
1105 3384 1236 3487 Lunae
1227 3444 1260 3485 1n
1283 3424 1414 3510 syzygiis

128 3531 231 3594 Lunae
246 3544 293 3594 est
307 3533 469 3617 sexaginta
484 3552 574 3594 111111-
550 3530 796 3593 diametrorum
812 3531 1019 3593 maximarum
1034 3530 1155 3608 Terrae,
1183 3530 1308 3614 dempti
1324 3535 1415 3598 trice·

127 3637 204 3700 simi
228 3650 317 3721 parte
343 3638 578 3701 semi-diametri
604 3639 734 3702 circiter.
780 3639 823 3703 Et
850 3640 883 3702 11
913 3640 1109 3725 quadraturis
1139 3641 1240 3704 Lunae
1269 3640 1414 3707 distantia

91 3813 105 3824 ἱ
127 3745 292 3808 mediocris
308 3744 478 3807 eorundem
501 3746 1143 3831 11111011111116011111-111111111011111
1165 3745 1287 3810 Terrae.
1330 3747 1415 3812 Nam

126 3849 177 3913 hae
191 3851 264 3914 duae
279 3850 434 3913 distantiae
450 3862 522 3914 sunt
544 3850 586 3913 ad
608 3849 787 3931 distantiam
801 3851 990 3922 mediocrem
1006 3851 1137 3915 Lunae
1128 3872 1161 3912 11
1183 3851 1356 3961 octantibus
1378 3865 1414 3918 ut

129 3935 588 4039 691170111691111Ρ101.
605 3950 791 4020 XXVIII.
1376 4015 1379 4024 .

172 4061 315 4125 001019
361 4061 519 4124 Distantia
533 4060 698 4124 mediocris
712 4074 891 4126 centrorum
907 4065 1016 4128 Terrae
1042 4075 1072 4127 et
1098 4063 1232 4129 Lunae
1223 4088 1256 4129 1n
1282 4067 1412 4154 syzygiis

129 4163 230 4226 Lunae
256 4178 303 4228 est
321 4165 487 4252 ,sexaginta
512 4167 826 4232 semi-diametrorum
850 4170 1053 4234 mediocrium
1069 4171 1179 4235 Terrae
1199 4194 1271 4235 cum
1292 4173 1412 4239 decimi

126 4279 217 4351 parte
231 4271 474 4337 semi-diametri.
521 4273 564 4337 Et
577 4273 611 4335 in
626 4274 822 4359 quadraturis
837 4276 940 4340 Lunae
954 4277 1098 4341 distantia
1118 4279 1282 4342 mediocris
1298 4303 1413 4344 eorun-

127 4377 200 4440 dem
226 4391 402 4445 centrorum
431 4394 478 4446 est
506 4383 668 4470 sexaginta
693 4385 841 4448 etunius
870 4385 1182 4452 semi-diametrorum
1209 4388 1412 4455 mediocrium

109 4481 248 4563 Terrae,
265 4485 388 4572 dempti
404 4487 558 4553 tricesimi
573 4501 662 4573 parte
677 4490 921 4556 semi-diametri.

675 4801 798 4849 -Η4
