3374 5774
98 466 210 530 Lmen
221 463 402 543 Tannus]
429 410 671 529 NRINCIPIA
695 463 1065 529 MATHEMATICA.
1109 462 1112 469 “
1322 463 1382 519 145

98 638 208 724 gulam
223 639 254 700 A
271 639 295 702 S
311 637 349 714 C,
365 637 397 700 id
413 648 469 713 est,
485 649 520 701 ut
537 639 559 702 S
575 639 606 701 N
621 637 661 700 ad
680 639 703 701 S
719 637 767 701 M.
813 636 921 712 Quare
936 638 968 701 A
985 637 1012 700 C
1032 635 1134 700 estad
1155 629 1381 721 longitudinem

98 744 131 806 iu
146 755 292 830 tangente
307 744 502 827 descriptam,
520 754 555 806 ut
571 743 686 818 Sned
703 745 725 807 S
742 744 783 806 N.
830 742 913 806 Ctim
930 755 1035 807 autem
1048 743 1193 806 velocitas
1209 752 1338 805 cometae
1353 737 1386 799 in

100 849 263 913 altitudine
279 850 302 913 S
318 848 347 912 P
362 850 402 911 sit
423 853 493 932 (per
510 848 615 913 Corol.
632 859 661 914 6.
679 849 775 934 Prop.
793 849 888 914 XVI.
905 851 976 914 Lib.
993 851 1034 930 Ι.)
1057 850 1098 913 ad
1112 851 1177 933 ejus
1192 848 1387 911 velocitatem

98 958 132 1020 in
153 958 316 1022 altitudine
339 959 406 1035 su,
428 958 463 1021 in
478 958 694 1042 subduplicntd
709 960 829 1023 ratione
852 961 875 1024 S
891 959 975 1023 Ped
991 961 1050 1034 sn
1071 956 1202 1034 inversi,
1226 957 1260 1020 id
1273 967 1329 1033 est,
1352 955 1386 1018 in

99 1069 219 1132 ratione
235 1072 289 1142 Su
303 1069 343 1133 ad
361 1071 383 1134 S
394 1071 444 1146 N;
467 1069 500 1156 (¹)
515 1071 679 1157 longitudo
693 1072 752 1135 hac
766 1072 927 1136 velocitate
941 1073 1053 1137 eodem
1067 1087 1207 1156 tempore
1221 1069 1387 1152 descripta,

100 1176 159 1240 erit
173 1176 214 1240 ad
228 1176 455 1264 longitudinem
469 1178 503 1240 in
518 1189 666 1266 tangente
680 1179 878 1263 descriptam,
894 1190 930 1243 ut
946 1182 969 1244 S
982 1205 1005 1254 μ
1019 1179 1059 1242 ad
1076 1180 1099 1243 S
1112 1179 1153 1241 N.
1199 1176 1301 1262 Igitur
1316 1176 1347 1237 A
1360 1173 1389 1237 C

100 1294 132 1345 et
152 1282 316 1369 longitudo
337 1283 397 1346 hac
419 1283 500 1348 nord
523 1285 684 1349 velocitate
706 1285 872 1370 descripta,
889 1282 1038 1355 enimsint
1052 1284 1092 1348 ed
1107 1281 1335 1369 longitudinem
1356 1280 1389 1342 in

98 1399 246 1475 tangente
261 1389 446 1473 descriptam
462 1390 495 1453 in
509 1390 619 1456 eidem
634 1393 764 1470 ratione,
780 1404 945 1479 aequautur
957 1394 1039 1457 inter
1053 1415 1095 1455 se.
1142 1390 1183 1466 Q.
1200 1413 1227 1453 e.
1243 1389 1274 1452 d.

143 1499 181 1584 (ι)
206 1504 305 1566 Cerei.
330 1500 461 1565 Cometa
482 1501 577 1588 igitur
598 1501 635 1566 et
658 1525 730 1567 cum
750 1503 922 1582 velocitate,
946 1526 1040 1590 quam
1061 1501 1156 1566 habet
1175 1499 1208 1560 in
1227 1496 1390 1561 altitudine

105 1608 127 1673 S
141 1633 163 1682 μ
182 1621 214 1687 -t-
234 1608 255 1688 ἓ
271 1609 286 1671 I
301 1632 332 1685 n,
355 1609 466 1672 eodem
481 1620 622 1694 tempore
636 1609 826 1675 describeret
840 1610 989 1674 chordam
1009 1612 1041 1673 A
1057 1609 1085 1672 C
1099 1602 1346 1693 quamproxime.

612 1779 789 1844 LEMMA
812 1780 875 1845 Xl.

99 1944 135 2010 Si
149 1953 261 2006 corneto
274 1951 354 2006 motu
367 1946 448 2006 omni
455 1947 598 2025 priuatus
613 1947 650 2007 de
663 1946 826 2010 altitudine
842 1949 865 2011 S
882 1946 914 2008 N
928 1968 979 2010 seu
995 1948 1019 2010 S
1032 1944 1097 2019 n÷
1114 1946 1135 2029 {5
1150 1945 1167 2008 l
1181 1969 1204 2016 u
1225 1945 1392 2010 demittere·

143 2066 203 2131 tur,
220 2065 253 2117 ut
268 2056 387 2116 coderet
402 2056 436 2116 in
450 2055 556 2130 Solen,
578 2065 607 2117 et
621 2052 658 2116 eo
672 2077 785 2137 semper
799 2057 830 2118 oi
844 2055 1034 2138 unfformiter
1047 2053 1223 2117 continuutd
1237 2064 1394 2138 urgeretur
1447 2106 1452 2115 .
1470 2114 1473 2120 .

144 2163 178 2222 in
192 2163 297 2238 Solem,
322 2159 381 2244 qud
396 2172 520 2244 urgetur
533 2162 588 2224 sub
603 2162 718 2234 initio‚·
744 2165 821 2226 idern
836 2166 953 2227 semisse
966 2165 1115 2245 temporis,
1139 2183 1197 2245 quo
1211 2165 1244 2226 iu
1259 2164 1329 2225 orde
1342 2184 1394 2226 sato

146 2269 287 2331 describit
308 2289 408 2331 orcum
429 2267 461 2330 A
478 2269 516 2346 C,
540 2271 679 2333 descensu
699 2292 752 2334 suo
777 2273 956 2335 describeret
980 2272 1108 2353 spatium
1133 2273 1319 2354 longitudini
1336 2270 1353 2335 l
1371 2295 1395 2344 n

145 2377 269 2459 aequule.

146 2544 230 2608 Nam
253 2557 384 2623 cometa,
407 2569 471 2632 quo
492 2557 634 2633 tempore
649 2549 797 2614 describit
811 2572 918 2616 arcum
937 2550 1148 2635 parabolicum
1173 2551 1205 2612 A
1222 2550 1259 2626 C,
1283 2549 1394 2614 eodem

101 2660 241 2733 tempore
263 2649 300 2713 eit
323 2672 396 2713 cum
417 2651 589 2731 velocitate,
613 2676 707 2739 quam
728 2654 823 2718 habet
844 2656 877 2718 in
900 2655 1064 2720 altitudine
1088 2657 1111 2720 S
1128 2655 1155 2720 P
1179 2660 1248 2739 (per
1264 2655 1396 2718 Lemma

101 2758 317 2838 novissimum)
334 2758 489 2822 describet
504 2760 654 2824 chordam
670 2761 700 2826 A
719 2761 756 2838 C,
774 2762 907 2849 ideoque
930 2770 998 2846 (per
1014 2762 1120 2826 Corol.
1138 2769 1168 2830 7.
1187 2762 1284 2845 Prop.
1300 2761 1394 2825 XVI.

102 2861 175 2926 Lib.
200 2863 241 2942 I.)
266 2862 378 2954 eodem
401 2874 544 2947 tempore
568 2867 603 2928 in
624 2867 751 2944 circu10,
777 2869 864 2952 cujus
886 2868 1129 2931 semi-diameter
1150 2881 1232 2930 esset
1257 2869 1280 2932 S
1304 2867 1342 2942 P,
1365 2867 1397 2929 vi

102 2972 261 3058 gravitatis
283 2994 347 3034 suae
369 2973 569 3051 revolvendo,
594 2974 783 3040 describeret
805 2998 922 3053 arcum,
954 2977 1041 3061 cujus
1066 2975 1230 3062 longitudo
1253 2986 1334 3037 esset
1355 2973 1396 3037 ad

103 3078 194 3142 arctis
216 3079 387 3164 parabolici
408 3080 559 3144 chordam
581 3082 613 3145 A
629 3080 667 3159 C,
690 3082 724 3144 in
745 3082 960 3167 subduplicatd
976 3083 1096 3146 ratione
1111 3082 1236 3145 unitatis
1251 3079 1291 3142 ad
1308 3080 1397 3143 bina-

52 3205 54 3210 ·
102 3187 194 3251 rium.
241 3188 285 3250 Et
304 3199 471 3271 propterea
486 3209 524 3250 eo
540 3210 612 3250 cum
626 3189 776 3272 pondere,
800 3190 887 3275 quod
905 3189 1002 3252 habet
1016 3188 1049 3251 in
1066 3188 1172 3252 Solem
1187 3188 1218 3248 in
1234 3185 1398 3248 altitudine

107 3292 184 3368 SP,
208 3293 349 3356 cadendo
372 3293 412 3356 de
433 3293 597 3357 altitudine
618 3292 671 3357 illd
695 3295 728 3357 in
752 3296 867 3372 Solem,
891 3295 1081 3359 describeret
1103 3293 1230 3356 semisse
1247 3291 1396 3375 temporis

103 3400 187 3463 illius
215 3400 262 3484 ((¹)
286 3423 343 3484 per
371 3400 478 3464 Corol.
504 3411 534 3466 9.
562 3402 657 3485 Prop.
683 3402 741 3465 IV.
764 3402 835 3466 Lib.
860 3403 900 3482 Ι.)
931 3403 1066 3487 spatium
1094 3401 1215 3486 aequale
1245 3399 1397 3485 quadrato

105 3507 239 3572 semissis
262 3508 390 3572 chordae
412 3508 496 3572 illius
518 3509 675 3592 applicato
696 3510 737 3573 ad
759 3510 969 3597 quadruplum
992 3512 1161 3575 altitudinis
1185 3510 1261 3586 SP,
1285 3510 1395 3588 idest,

105 3659 240 3743 spatium
263 3619 373 3795 ᾸΑ-ὃῐ-Ξ.
419 3658 467 3743 (¹¹¹)
492 3658 588 3722 Unde
610 3658 682 3723 crim
704 3661 828 3746 pondus
851 3675 981 3727 cometae
1002 3664 1036 3727 in
1060 3663 1166 3729 Solem
1186 3663 1221 3726 in
1235 3661 1397 3727 altitudine

105 3900 242 4023 mgis}
255 3936 269 3983 1
280 3955 306 3998 p,
318 3944 342 3985 et
353 3945 388 3986 est
400 3936 430 3985 Μ
441 3958 459 4000 μ
470 3957 506 3984 =
516 3960 535 4001 μ
547 3939 560 3987 1
573 3942 650 4003 (num.
666 3938 737 4001 139⁶).
768 3903 1047 4032 ἷξεαίεὲὺῗὲυέἱὶοηῖη).
1049 3910 1116 3951 motu
1127 3901 1246 3963 descripte
1257 3911 1313 3950 sunt
1323 3910 1350 3948 ut
1359 3916 1400 3948 re.

180 4075 189 4094 a
331 4045 347 4087 4
541 4046 554 4095 '·
573 4083 579 4095 ·
688 4082 694 4095 ·
815 4051 828 4083 ¹
849 4057 862 4083 ”
875 4055 946 4102 carol.
984 4052 1009 4099 Si
1022 4055 1039 4101 S
1068 4086 1074 4108 ,
1087 4052 1117 4098 sit
1127 4050 1254 4099 admodum
1265 4066 1289 4098 m
1337 4065 1352 4096 a
1362 4064 1400 4097 ro·

108 4078 191 4132 Qum
202 4079 232 4126 M
240 4080 266 4127 N
277 4100 311 4126 =
322 4108 351 4168 ’5
373 4081 387 4128 1
408 4101 435 4143 μ’
482 4081 528 4130 Est
546 4093 620 4147 ΨΜ
636 4094 738 4144 'mum
771 4054 880 4176 epictiti
894 4119 925 4173 N,
943 4127 989 4162 tres
1000 4074 1140 4180 gnathonici
1151 4065 1336 4176 proportiondii
1345 4113 1362 4160 S
1372 4134 1398 4174 μ,

107 4189 242 4229 contentum
254 4185 297 4229 sub
308 4183 456 4247 longitudine
467 4184 582 4247 descripti
593 4187 618 4233 in
628 4196 739 4250 tangente
772 4182 789 4228 S
798 4182 830 4237 Ν,
844 4182 860 4228 S
871 4183 899 4238 Ρ,
912 4191 980 4228 emm
987 4182 1058 4229 etim
1066 4178 1208 4227 arithmetice
1220 4177 1402 4239 P¹⁰P⁰¹²l⁰¹¹⁸¹ffi

106 4252 131 4290 et
141 4247 202 4292 rectd
215 4246 231 4292 S
247 4268 273 4307 μ,
290 4247 320 4293 ad
336 4251 438 4308 spatium
449 4259 585 4297 contentum
597 4253 641 4297 sub
653 4245 739 4298 chordd
770 4245 953 4306 quamproxlmb
970 4244 1041 4293 idest
1054 4246 1076 4292 N
1087 4244 1116 4299 P·
1128 4243 1257 4305 aequssbllffl
1271 4263 1290 4302 t⁴
1302 4242 1336 4300 N,
1353 4241 1401 4288 ΒΜ

109 4308 134 4354 A
147 4309 174 4365 c,
186 4318 210 4357 et
219 4307 282 4357 nat
301 4312 318 4358 s
329 4312 366 4369 M,
384 4323 411 4360 ut
424 4313 482 4361 sn
494 4314 527 4377 -ι-
540 4315 571 4370 M
583 4316 609 4362 n
624 4315 654 4362 aa
672 4315 689 4362 s
701 4317 738 4372 Μ,
771 4309 849 4356 tuenti
864 4310 937 4371 ipsius
954 4309 967 4357 1
978 4331 1004 4370 μ,
1021 4309 1121 4372 ideoque
1135 4329 1154 4369 μ
1168 4308 1196 4364 P.
1208 4305 1302 4368 equalis
1317 4321 1400 4368 quam.

106 4371 239 4428 bocestut
252 4375 268 4421 S
282 4374 303 4419 N
315 4375 345 4421 ad
358 4378 375 4424 S
387 4378 430 4425 M:
451 4378 522 4425 Unde
533 4379 551 4424 si
563 4378 738 4441 longitudode·
830 4413 836 4426 .
866 4412 874 4430 a
900 4380 942 4425 2·
972 4414 978 4425 ·

106 4435 192 4495 scripta
207 4437 232 4482 in
249 4447 359 4500 tangente
375 4440 467 4488 dicatur
484 4441 514 4498 L,
531 4442 575 4490 erit
587 4443 608 4490 L
625 4446 651 4500 Χ
667 4444 712 4503 Sp
729 4461 735 4490 ι
770 4428 876 4474 ¹²¹⁰¹¹m⁹
892 4442 923 4502 ξ
934 4429 1008 4475 ¹P⁸¹¹¹⁰
1027 4414 1041 4463 Ῑ
1060 4435 1087 4479 μ’
1123 4410 1203 4468 Qum
1217 4418 1281 4472 pm
1297 4408 1401 4458 coron*

107 4500 131 4545 A
145 4501 165 4548 C
179 4505 204 4556 Χ
227 4502 284 4548 SM
296 4521 331 4546 =
345 4503 414 4550 SNs
431 4505 493 4559 SM,
505 4503 605 4567 idedque
617 4507 740 4568 longitudo
771 4517 840 4565 rium,

19 4586 33 4606 .
105 4561 221 4626 descripta
237 4565 262 4609 in
278 4574 388 4627 tangente
404 4569 448 4615 erit
459 4569 489 4616 ad
500 4570 610 4616 chordam
628 4571 653 4618 A
666 4571 695 4628 C,
713 4581 740 4619 ut
805 4582 835 4644 (¹)
854 4585 867 4614 ⁸
886 4587 934 4633 Per
951 4588 1023 4634 com,
1037 4592 1059 4634 9.
1080 4581 1154 4644 Prop.⁴
1166 4584 1211 4631 IV.
1230 4582 1319 4630 Lib-1·
1355 4544 1412 4623 vet*

105 4627 159 4707 {tt
172 4668 203 4715 „g
220 4629 283 4723 §.ll—l,
295 4671 340 4716 hoc
349 4679 391 4727 est,
403 4680 431 4719 ut
444 4673 495 4720 SN
506 4672 536 4720 nd
549 4673 601 4735 sp·
771 4661 813 4706 per
822 4662 889 4694 num.
903 4654 959 4696 201.
973 4649 1077 4711 ejusdem
1090 4647 1144 4694 Lib.

108 4708 160 4766 Su
220 4708 275 4755 SM
803 4710 845 4775 (¹¹¹)
864 4715 877 4741 ⁸
898 4712 966 4762 Unde
981 4713 1035 4762 cutm
1047 4715 1142 4774 pondu
1158 4720 1258 4760 oomnoe.
1295 4704 1403 4756 Gravitas

138 4768 171 4834 (¹)
188 4773 202 4803 ⁴
221 4774 360 4834 Longitudo.
396 4774 461 4823 Nam
479 4774 639 4840 longitudines
656 4777 739 4826 iisdem
771 4775 919 4825 moderatrix
937 4786 1132 4827 numeraremus
1151 4775 1229 4824 Solem
1248 4774 1274 4820 in
1293 4768 1404 4820 distantid

727 4861 781 4910 Κ4
