3374 5774
82 445 402 526 ‚LfflanTuarwsJ
428 445 669 511 PRINCIPIA
694 442 1065 515 MATHEMATICA.
1322 446 1384 506 157

97 614 205 674 temporie
215 613 275 660 inter
282 612 462 660 observationem
473 613 574 673 primam
582 621 606 658 et
616 627 722 659 momen·
758 614 780 660 0
800 611 840 672 ἶς’.
876 611 970 660 Deinde
986 611 1011 657 in
1028 611 1145 672 triangulo
1163 608 1382 668 Κοῖς,(1ιιιιιιιῐ

96 690 149 729 tum
160 693 207 740 quo
217 686 307 724 cometa
317 677 346 724 ad
358 675 446 722 nodum
455 682 487 742 εὶ
498 676 600 737 appellit,
613 676 642 722 ad
653 677 724 724 inter-
754 677 826 725 latera
836 675 897 724 circa
908 687 998 724 rectum
1010 675 1033 724 Ο
1044 676 1069 723 R
1079 684 1103 722 et
1115 677 1138 722 0
1152 673 1191 734 15,
1202 674 1301 737 ideaque
1313 681 1384 720 nmua

97 746 186 792 vallum
197 741 307 800 temporis
323 741 384 786 luter
400 743 580 788 observationem
592 742 690 800 primam
702 749 726 787 et

98 808 188 856 tertiam
205 814 233 852 ut
250 819 304 851 area
322 808 376 868 νεὶ
392 804 415 858 S,
433 805 462 852 ad
480 818 558 851 aream
576 804 667 859 RSr;
684 804 725 850 aed

97 885 203 919 arearum
213 873 266 933 τω.
276 869 300 925 S,
315 869 338 914 R
348 872 391 922 ὃν,
402 877 457 916 nota
467 877 502 916 eat
512 867 570 924 ratio
581 871 631 931 (per
640 867 725 914 Thccr.

98 938 144 984 IV.
158 938 188 982 de
199 938 276 993 parab.
292 932 328 977 rel
344 945 410 977 num·
425 932 493 992 142.)
511 940 594 979 notum
608 931 726 993 igiturest
747 967 750 971 <

97 1010 190 1060 tempus
208 1012 255 1059 quo
272 1004 363 1042 cometa
381 995 472 1042 nodum
494 1001 535 1061 εὶ,
555 1006 626 1042 tenet.
669 995 726 1042 Pari

96 1066 167 1111 modo
185 1059 309 1108 innotescit
324 1069 418 1119 tempus
432 1075 480 1123 quo
490 1067 580 1108 cometa
590 1056 621 1105 ad
636 1057 726 1106 nodum

97 1128 197 1175 alterum
210 1124 241 1185 l?
252 1121 357 1186 appellit.

131 1261 183 1302 148.
195 1252 284 1302 Iisdem
293 1249 449 1308 manentibus,
458 1249 650 1299 determinabitur
659 1250 726 1297 incli-

97 1319 162 1366 natio
172 1319 235 1379 plani
246 1313 381 1375 trajectcriae
392 1316 530 1375 adplenum
542 1315 661 1374 ecliptica.
687 1315 725 1361 Ex

97 1393 184 1444 puncto
197 1384 221 1429 0
231 1379 262 1426 ad
274 1379 305 1438 ly
320 1379 336 1424 S
348 1381 389 1440 <sta
402 1379 517 1426 nodorum
528 1378 614 1424 lineam
625 1377 728 1440 erigatur

96 1445 293 1506 perpendicularis
311 1442 334 1489 0
349 1441 387 1500 δ’,
401 1443 564 1504 jungaturque
582 1442 606 1487 R
621 1445 662 1504 ἢ·
697 1442 729 1488 In

97 1510 214 1572 triangulo
226 1509 250 1555 Ο
263 1509 279 1554 S
293 1506 332 1567 15,
349 1515 432 1566 praeler
442 1514 532 1552 rectum
544 1504 574 1551 ad
588 1504 628 1564 Β,
643 1506 729 1552 dantur
758 1505 802 1554 erit
818 1506 920 1569 angulus
938 1507 962 1553 Ο
978 1506 1010 1567 ’(9
1024 1507 1055 1563 R,
1073 1506 1114 1568 qui
1132 1516 1167 1554 eat
1185 1504 1305 1554 inclinatio
1321 1504 1386 1565 plani

98 1573 177 1639 (147.)
190 1573 292 1635 angulus
304 1572 328 1620 0
338 1571 355 1618 S
364 1568 395 1630 lj’
404 1578 427 1618 et
438 1570 499 1617 latus
512 1569 534 1616 0
546 1570 570 1627 S,
580 1584 652 1636 quare
660 1567 729 1617 dattu
759 1570 896 1634 trajectoriae
907 1571 937 1619 ad
947 1570 1045 1632 planum
1056 1569 1174 1631 ecliptica.

132 2633 185 2676 149.
203 2625 281 2674 Facile
290 2626 389 2674 obtineri
403 2635 479 2688 potest
490 2634 584 2689 tempus
594 2641 642 2689 quo
652 2641 730 2674 come·
762 2624 889 2673 servatione
904 2622 987 2685 primi,
1004 2624 1063 2671 dum
1078 2633 1169 2672 comata
1182 2629 1313 2674 versabatur
1330 2627 1354 2672 in
1367 2643 1386 2684 r,

99 2701 123 2739 ta
141 2690 278 2751 perihelium
296 2699 366 2738 tanet,
403 2691 564 2746 UmbilicoS
585 2705 627 2751 per
642 2699 731 2750 puncta
761 2688 1117 2748 estadintervallumtamporia
1132 2690 1193 2736 inter
1206 2691 1388 2738 observationem

101 2757 164 2811 lar,
176 2754 318 2801 describatur
328 2755 457 2816 trajectoria
465 2763 570 2801 cometae.
607 2754 693 2801 centro
704 2754 729 2809 S,
761 2753 861 2812 primam
872 2762 896 2798 et
906 2753 998 2799 tertiam
1009 2762 1037 2800 ut
1046 2753 1215 2802 arearSarad
1226 2769 1302 2801 aream
1313 2755 1388 2812 RrS,

77 2834 141 2893 qper
158 2818 294 2866 alterutrum
310 2828 452 2877 punctorum
469 2817 527 2877 putri
540 2819 572 2872 R,
590 2817 731 2864 describatur
762 2817 885 2864 habebitur
899 2815 958 2863 illud
973 2816 1053 2877 ipsum
1061 2826 1154 2877 tempus
1164 2832 1212 2880 quo
1222 2829 1312 2865 cometa
1329 2819 1388 2879 peri-

103 2882 203 2929 circulus
214 2882 349 2943 trajectoriae
363 2879 442 2928 denud
457 2896 581 2928 oceumena
592 2881 617 2927 in
630 2881 660 2934 V,
674 2881 731 2942 jun·
763 2881 852 2927 heliam
862 2888 967 2940 occupat.

100 2958 216 3008 gaturque
229 2948 252 2991 R
261 2945 292 2998 V,
305 2945 335 2992 ad
345 2960 416 3006 quem
426 2959 455 2991 ex
467 2954 556 3005 puncto
568 2945 585 2991 S
596 2944 732 2994 demittatur

36 3048 41 3060 ,
100 3008 414 3070 perpendicularisSp,quar
425 3007 650 3068 producaturdonec
662 3023 730 3067 para-
796 3011 848 3055 150.
869 3006 935 3053 Hinc
951 3007 1021 3056 etiam
1037 3017 1134 3056 cometae
1149 3010 1276 3071 perigaeum
1292 3010 1388 3074 ejusque

100 3075 160 3121 bolae
168 3083 274 3119 occurrat
285 3073 308 3119 in
318 3092 343 3126 ar,
354 3071 568 3132 eritaetrajectorie
579 3071 733 3132 peribelium;
763 3078 856 3131 tempus
865 3069 1061 3119 determinabitur.
1098 3073 1162 3120 Cdm
1172 3074 1234 3121 enim
1246 3074 1314 3121 detur
1329 3086 1388 3122 tem·

101 3147 125 3183 et
135 3135 231 3197 proinde
242 3145 304 3183 recta
314 3136 388 3196 ipsius
400 3136 417 3183 S
429 3133 596 3196 arquadrupla,
614 3135 730 3196 aritajua·
762 3150 808 3194 pus
819 3135 879 3181 inter
887 3135 1068 3182 observationem
1078 3137 1176 3196 primam
1186 3146 1209 3184 et
1216 3140 1305 3184 tertiam
1317 3140 1388 3184 inter-

101 3200 154 3247 dem
165 3201 226 3245 latua
235 3208 326 3246 rectum
336 3198 470 3259 principale.
506 3196 570 3246 cnm
580 3198 642 3245 anim
653 3199 732 3246 umbi-
762 3207 863 3257 ceptum,
878 3212 925 3259 quo
935 3199 1024 3246 scilicet
1035 3200 1088 3247 data
1098 3216 1151 3247 area
1167 3217 1179 3246 r
1193 3203 1215 3248 R
1228 3202 1251 3253 S,
1268 3218 1283 3248 a
1298 3201 1389 3248 comati

100 3265 160 3310 licus
172 3264 195 3318 S,
208 3263 233 3308 in
244 3263 360 3323 parabola
371 3261 559 3322 axereperiatur,
570 3261 731 3309 circuluecen-
762 3262 828 3309 radio
843 3260 873 3307 ad
891 3261 971 3308 Solem
986 3262 1057 3309 ducto
1072 3263 1215 3322 describitur,
1232 3264 1285 3310 data
1296 3281 1388 3327 quoque

100 3337 136 3374 tro
147 3326 298 3386 Sdescriptus
308 3326 441 3385 parabolam
449 3326 597 3373 intersecabit
605 3326 631 3372 in
639 3326 732 3373 duobus
763 3325 807 3371 crit
822 3339 875 3370 area
885 3340 935 3370 uno
945 3324 983 3370 die
997 3324 1102 3373 similiter
1117 3326 1236 3388 descripta.
1273 3328 1389 3375 Praeterea

100 3390 193 3450 punctis
203 3393 232 3436 ab
248 3405 291 3437 axe
302 3390 423 3451 aqualiter
434 3389 580 3444 distantibus,
597 3389 733 3449 acproinde
763 3387 832 3434 datur
850 3402 869 3444 r,
888 3387 953 3434 locus
971 3398 1067 3436 comma
1084 3390 1110 3435 in
1129 3392 1286 3439 observatione
1304 3386 1387 3450 priml,

100 3456 138 3501 axi
157 3454 276 3510 normalis,
296 3454 340 3500 erit
361 3454 384 3499 R
399 3454 424 3500 V
441 3453 616 3500 intersectiones
634 3453 733 3512 conjun·
763 3465 835 3512 quare
844 3450 963 3498 dabuntur
979 3452 1030 3499 loca
1040 3462 1141 3501 comen.
1151 3454 1177 3501 in
1188 3455 1281 3515 proprio
1292 3458 1347 3502 orbe
1358 3455 1388 3503 ad

100 3533 172 3577 gena3
190 3515 261 3578 quari
280 3518 323 3577 Sp
339 3526 374 3564 eat
391 3517 441 3564 axia
451 3526 475 3565 et
486 3526 594 3564 evertex
610 3515 732 3575 parabolae,
764 3515 813 3560 dies
829 3514 940 3577 singulos.
978 3516 1024 3563 Sed
1040 3516 1126 3564 dantur
1141 3519 1192 3565 loca
1204 3519 1340 3566 Telluriain
1351 3535 1387 3566 or-

101 3581 148 3629 aive
166 3581 302 3643 trajectoriae
318 3580 459 3639 peribolium
482 3588 507 3627 et
526 3578 657 3640 quadrupla
680 3579 734 3626 Sar
763 3575 1279 3642 bitdsuai,notusqueestsitusmutuusinter
1287 3583 1388 3630 Telluria

101 3657 231 3704 parameter
247 3644 353 3690 diametri
371 3644 439 3706 cujus
455 3662 474 3691 a·
484 3650 520 3690 est
535 3651 614 3688 vertex
632 3641 730 3705 (Theor.
763 3642 862 3690 orbitam
873 3651 896 3688 et
906 3653 1003 3691 cometae
1014 3645 1173 3707 trajectoriam.
1205 3645 1275 3693 Unde
1285 3648 1386 3694 innotea-

103 3709 140 3754 II.
154 3709 182 3754 de
193 3707 285 3768 parab)
302 3708 347 3753 hoc
359 3717 401 3762 est,
418 3707 479 3753 latus
491 3716 581 3752 rectum
595 3706 730 3766 prindpale.
764 3717 800 3752 cet
810 3715 903 3766 tempus
912 3722 960 3769 quo
971 3718 1061 3755 cometa
1071 3717 1106 3756 est
1117 3709 1196 3755 Terrae
1206 3709 1331 3770 proximus,
1343 3713 1387 3760 hoc

102 3773 157 3821 Jam
173 3772 278 3832 capiatur
293 3780 389 3832 tempus
403 3770 471 3834 cujus
486 3769 637 3818 intervallum
652 3771 681 3817 ab
691 3771 733 3818 cb·
764 3779 804 3827 eat,
813 3779 905 3830 tempus
912 3786 959 3834 quo
965 3780 1055 3820 cometa
1065 3772 1090 3818 in
1102 3773 1202 3836 perigaeo
1212 3785 1320 3824 venatur.
