3374 5774
291 459 353 518 130
590 452 931 522 PHILOSOPHIAE
953 441 1227 520 NATURALIS
1262 451 1336 530 [Da
1346 449 1577 515 Munnsrsr.

286 625 354 688 nuli
368 625 557 709 conjunctim
571 639 709 711 aequaret
724 628 825 693 luceru
840 627 937 713 globi,
961 618 1048 711 'cujus
1068 625 1219 688 diameter
1233 623 1312 688 esset
1338 625 1399 688 30''
1405 624 1418 686 'r
1441 623 1500 686 erit
1514 621 1579 685 ‹lis-

285 732 382 796 tantia
398 745 528 797 cometae
542 734 583 797 ad
598 735 775 799 distantiam
792 736 918 800 Saturni
932 747 968 799 ut
984 743 998 798 l
1017 735 1058 798 ad
1080 736 1112 798 a!
1130 733 1299 811 ⁴liuverad,
1315 751 1346 798 et
1364 735 1432 797 12⁶.
1447 732 1489 796 ad
1504 734 1578 797 30''.

286 837 414 915 directi,
431 839 534 916 idest,
550 852 586 904 ut
600 848 642 905 24
657 842 699 906 ad
715 851 755 907 80
772 864 827 906 seu
841 852 862 906 4
878 843 919 907 ad
934 851 964 907 5.
1011 843 1133 906 Rursus
1148 855 1268 905 cometa
1283 842 1358 905 anni
1375 824 1455 906 1665
1470 862 1579 904 mense

287 945 402 1031 Aprili,
424 958 461 1009 ut
481 959 651 1011 auctorest
667 947 829 1026 Herelius,
854 949 992 1027 claritate
1007 946 1061 1013 sui
1083 970 1166 1033 pene
1178 947 1258 1012 fixas
1273 970 1383 1012 omnes
1398 949 1575 1033 superabat,

286 1051 456 1138 quinetiam
483 1053 587 1137 ipsum
618 1054 787 1118 Saturnum
816 1056 936 1118 ratione
965 1054 1080 1119 coloris
1109 1053 1251 1118 videlicet
1282 1053 1378 1142 longe
1406 1054 1576 1119 viridioris.

288 1158 417 1245 Quippe
437 1161 571 1226 lucidior
592 1174 658 1226 erat
679 1163 731 1228 hic
746 1177 867 1228 cometa
881 1162 980 1227 altero
993 1162 1058 1240 illo,
1081 1163 1136 1248 qui
1156 1163 1190 1231 in
1203 1161 1267 1226 fine
1280 1163 1355 1226 anni
1369 1162 1577 1247 praecedentis
1591 1184 1594 1190 ·

286 1280 482 1353 apparuerat,
506 1281 536 1333 et
558 1291 630 1333 cum
652 1270 748 1334 stellis
773 1271 884 1355 primae
907 1268 1133 1357 magnitudinis
1155 1268 1380 1334 conferebatur.
1426 1268 1578 1332 Latitudo

286 1374 426 1458 capillitii
448 1388 515 1439 erat
536 1376 623 1462 quasi
648 1377 688 1441 δ’.
710 1388 743 1439 at
763 1366 892 1440 nucleus
913 1397 985 1439 cum
1006 1375 1139 1460 planetis
1160 1396 1222 1459 ope
1241 1374 1310 1438 tubi
1328 1375 1425 1458 optici
1445 1375 1577 1439 collatus

289 1482 382 1566 plane
401 1476 505 1546 minor
526 1494 593 1546 erat
612 1482 703 1560 Jove,
727 1494 758 1547 et
777 1505 862 1547 nunc
875 1484 979 1546 minor
993 1503 1125 1567 corpore
1139 1483 1325 1547 intermedio
1341 1484 1476 1560 Saturni,
1492 1505 1578 1546 nunc

286 1587 346 1672 ipsi
360 1587 489 1673 aequalis
505 1588 715 1672 judicabatur.
760 1588 861 1653 Porrd
883 1588 955 1654 crim
976 1589 1128 1655 diameter
1141 1589 1282 1675 capillitii
1296 1603 1486 1654 cometarum
1505 1590 1578 1654 rarb

287 1708 413 1779 superet
435 1695 475 1756 8'.
498 1693 548 1756 vel
572 1695 633 1768 12',
656 1693 807 1756 diameter
827 1694 902 1758 verb
922 1691 1034 1772 nuclei,
1057 1717 1113 1758 seu
1134 1695 1232 1759 stellae
1255 1697 1400 1760 centralis
1428 1697 1468 1761 sit
1491 1697 1580 1782 quasi

287 1803 408 1867 decima
426 1803 476 1866 vel
496 1802 575 1866 forte
596 1801 718 1866 decima
732 1804 840 1888 quinta
853 1824 927 1885 pars
942 1802 1084 1865 diametri
1097 1803 1248 1885 capillitii,
1263 1815 1350 1888 patet
1363 1804 1468 1868 stellas
1482 1804 1579 1870 hasce
1638 1812 1642 1819 '

287 1921 323 1972 ut
336 1907 507 1993 plurimdm
529 1907 668 1993 ejusdem
682 1930 750 1972 esse
764 1908 941 1992 apparentis
957 1906 1178 1995 magnitudinis
1200 1929 1272 1972 cum
1292 1908 1434 1992 planetis.
1481 1910 1579 1975 Unde

287 2015 360 2080 crim
381 2017 436 2079 lux
459 2036 566 2080 earum
588 2038 661 2080 cum
682 2016 752 2099 luce
776 2017 903 2081 Saturni
924 2038 989 2081 non
1005 2015 1077 2080 rard
1091 2016 1225 2080 conferri
1245 2018 1353 2102 possit,
1377 2041 1507 2104 eamque
1521 2021 1579 2083 ali-

288 2125 416 2212 quando
439 2136 574 2208 superet,
598 2125 797 2191 manifestum
822 2138 878 2201 est,
901 2127 984 2213 quod
1009 2139 1139 2191 cometae
1159 2148 1267 2192 omnes
1292 2127 1325 2191 iu
1350 2129 1507 2213 periboliis
1528 2130 1580 2193 vel
1627 2112 1637 2130 ’

287 2233 368 2298 iniri
384 2235 554 2299 Saturnum
568 2233 743 2299 collocandi
765 2236 836 2312 sint,
859 2235 909 2298 vel
929 2257 993 2299 non
1014 2234 1109 2323 longe
1123 2236 1227 2320 suprd.
1273 2236 1390 2301 Errant
1403 2236 1499 2326 igitur
1512 2250 1579 2303 toto

288 2341 379 2419 coelo,
395 2342 450 2427 qui
465 2346 600 2405 cometas
615 2342 648 2403 in
662 2341 822 2428 regionem
837 2340 972 2404 fixarum
985 2363 1086 2426 prope
1100 2341 1263 2430 ablegantr
1286 2343 1347 2428 qud
1361 2356 1444 2407 certe
1458 2346 1579 2408 ratione

231 2453 236 2467 '
287 2468 353 2514 non
373 2449 472 2544 magis
493 2444 640 2513 illustrari
654 2449 805 2515 deberent
818 2472 839 2513 a
854 2448 927 2513 Sole
941 2462 1057 2530 nostro,
1080 2448 1176 2537 quam
1188 2451 1334 2536 planetae,
1354 2453 1409 2538 qui
1427 2452 1479 2518 hic
1493 2466 1577 2531 sunt,

289 2561 628 2626 illustranturastellis
639 2560 721 2625 fixis.
917 2638 920 2645 Ι

337 2670 420 2735 Haec
442 2663 667 2754 disputavimus
692 2690 757 2734 non
780 2668 1008 2735 considerando
1031 2669 1279 2734 obscurationem
1305 2650 1497 2735 cometarum
1521 2692 1580 2754 per

290 2775 413 2841 firmum
434 2776 521 2839 illum
537 2775 673 2840 maxime
689 2777 850 2863 copiosum
865 2788 896 2840 et
911 2796 1059 2853 crassum,
1075 2798 1138 2862 quo
1153 2788 1247 2861 caput
1260 2777 1469 2854 circundatur,
1492 2779 1581 2863 quasi

292 2897 351 2966 per
363 2883 480 2947 nubem
495 2881 605 2949 obtuse
619 2902 742 2970 semper
756 2884 872 2947 lucens.
910 2882 994 2946 Nam
1005 2894 1122 2969 quanto
1136 2883 1296 2947 obscurius
1310 2884 1452 2947 redditur
1466 2907 1581 2968 corpus

290 3010 348 3074 per
369 2991 454 3056 bunc
475 2991 605 3070 fumum,
627 2992 716 3056 tantb
736 2995 866 3080 propius
887 2993 927 3056 ad
952 2992 1056 3057 Salem
1077 2991 1204 3084 accedat
1221 3015 1347 3057 necesse
1361 3004 1417 3069 est,
1440 3005 1476 3055 ut
1491 2993 1582 3076 copia

291 3096 370 3185 lucis
391 3121 410 3161 a
431 3121 465 3162 se
486 3099 611 3162 reflex'ae
631 3099 772 3183 planetas
795 3092 970 3163 aemuletur.
1013 3097 1094 3162 Inde
1107 3098 1272 3162 verisimile
1285 3098 1323 3161 fit
1335 3110 1472 3161 cometas
1486 3099 1582 3185 longe

291 3209 372 3274 infra
393 3209 549 3294 sphaeram
573 3211 700 3276 Saturni
714 3209 912 3288 descendere,
933 3209 979 3273 uti
1000 3231 1040 3272 ex
1060 3208 1213 3292 parallaxi
1235 3195 1444 3292 probavimus
1492 3209 1583 3272 Idem

293 3319 367 3387 verb
394 3344 488 3408 quam
510 3321 646 3386 maxime
670 3321 872 3388 confinnatur
897 3344 938 3385 ex
964 3319 1079 3384 caudis.
1124 3315 1162 3402 (‘)
1188 3317 1253 3382 Hae
1275 3318 1325 3381 vel
1350 3339 1390 3381 ex
1411 3318 1582 3403 reflexione

292 3429 370 3494 fumi
392 3431 492 3516 sparsi
511 3452 570 3515 per
591 3431 718 3508 aethera,
739 3432 789 3495 vel
803 3453 844 3496 ex
862 3431 931 3494 luce
946 3429 1055 3514 capitis
1069 3426 1221 3491 oriuntur.
1266 3426 1376 3490 Priore
1390 3447 1463 3490 casu
1476 3426 1581 3488 minu-

293 3539 374 3603 enda
388 3553 435 3604 est
449 3540 596 3605 distautm
611 3553 813 3619 cometarum,
836 3564 878 3605 ne
898 3540 1001 3605 fumus
1017 3562 1036 3602 a
1050 3538 1150 3623 capite
1164 3559 1286 3621 semper
1299 3549 1385 3603 ortus
1408 3557 1465 3620 per
1480 3537 1582 3620 spatia

292 3650 384 3715 nimis
408 3650 512 3735 ampla
534 3651 709 3717 incredibili
734 3675 806 3717 cum
831 3653 993 3717 velocitate
1019 3664 1050 3716 et
1079 3652 1268 3736 expansione
1292 3659 1493 3734 propagetur.
1539 3646 1581 3709 In

292 3756 466 3839 posteriore
481 3757 644 3823 referenda
659 3770 706 3822 est
719 3759 775 3822 lux
789 3761 890 3822 omnis
905 3771 968 3822 tam
984 3757 1093 3822 caudae
1111 3755 1203 3843 quim
1217 3754 1356 3840 capillitii
1377 3753 1417 3816 ad
1430 3751 1583 3816 nucleum

292 3862 412 3946 capitis.
458 3862 559 3949 Igitur
579 3864 606 3928 si
627 3865 838 3949 concipiamus
858 3867 962 3930 lucem
981 3864 1064 3930 hanc
1082 3886 1207 3928 omnem
1234 3858 1413 3948 congregari
1439 3870 1470 3920 et
1495 3860 1583 3930 intra

293 3960 414 4034 discum
436 3971 538 4034 nuclei
561 3975 731 4066 coarctari,¹
749 3974 877 4039 nucleus
902 3974 955 4040 ille
974 3975 1040 4059 jam
1062 3986 1156 4051 certe,
1180 3962 1451 4059 quotieacaudam
1476 3970 1582 4033 maxi·

292 4096 376 4140 mam
397 4088 429 4140 et
450 4075 706 4172 fulgentissimam
727 4083 849 4162 emittit,
865 4084 904 4168 (⁸)
927 4085 1040 4150 Jovem
1061 4084 1163 4169 ipsum
1183 4080 1347 4168 splendore
1365 4098 1423 4141 suo
1443 4078 1583 4143 multirm

324 4239 360 4303 (ί)
378 4245 392 4273 ⁸
413 4244 461 4292 ΗΒ
479 4245 514 4291 vd
530 4259 557 4290 ω
574 4248 695 4310 ”sterium
704 4249 776 4313 sumi
793 4252 874 4310 parsi,
892 4258 920 4297 ut
953 4238 1119 4305 IllumstediusJ
1133 4248 1230 4296 cedebat
1245 4246 1307 4306 Jori,
1324 4242 1428 4307 adeoque
1442 4243 1492 4292 Soli
1508 4244 1583 4310 longi
1630 4220 1632 4225 Ι

292 4304 372 4364 ΡΜ
382 4305 524 4364 probabitur.
898 4365 901 4369 ,
952 4313 1055 4370 vicinior,
1067 4313 1124 4376 quin
1135 4312 1183 4358 imo
1194 4313 1270 4358 minor
1286 4319 1334 4358 erat
1350 4307 1478 4357 Mercurio.
1516 4309 1582 4356 Nam

324 4367 360 4430 (⁸)
373 4371 481 4418 “Imm
495 4372 572 4432 lpum
588 4373 704 4431 mlendrrc
719 4392 770 4424 sao.
806 4374 836 4424 Id
852 4375 920 4424 variis
952 4375 991 4423 die
1006 4382 1043 4424 17.
1062 4377 1149 4424 mensis
1163 4377 1242 4439 hujus,
1259 4376 1300 4422 ubi
1319 4374 1398 4422 Terra
1414 4372 1509 4433 propior
1523 4381 1579 4426 erat,

291 4431 489 4481 observationibus
506 4433 628 4481 coufirmat
645 4437 774 4485 Newtonus
794 4439 820 4486 iu
841 4439 920 4500 Opus-
952 4441 1060 4500 apparuit
1073 4440 1168 4488 Casino
1179 4454 1220 4499 per
1230 4438 1380 4498 telescopium
1390 4436 1445 4496 ped·
1454 4441 1493 4485 ³5.
1507 4432 1579 4496 preld

292 4493 387 4541 culode
399 4495 486 4543 Mundi
500 4498 636 4558 Systemate.
673 4501 770 4550 Cometa
780 4503 836 4550 anni
849 4507 917 4555 1679.
951 4502 1028 4548 minor
1046 4502 1116 4565 globo
1136 4501 1237 4550 Saturni.
1292 4501 1339 4549 Die
1358 4505 1380 4547 8.
1393 4499 1479 4547 mensis
1497 4499 1576 4560 hujus,

296 4557 432 4605 Decembris
452 4564 488 4607 19.
507 4570 531 4607 at
549 4567 586 4610 15.
598 4561 652 4609 stilo
666 4564 742 4617 vetut,
790 4581 805 4612 o
819 4576 922 4627 tempora
953 4575 1057 4624 tempore
1072 4567 1195 4624 matutino,
1210 4565 1267 4613 vidit
1283 4565 1393 4612 Helleius
1409 4562 1506 4610 caudam
1524 4576 1579 4622 per·

294 4620 393 4669 nudam
403 4621 552 4670 clarissimam
563 4625 684 4672 emittebat
694 4635 718 4672 et
728 4627 776 4674 lucr
791 4630 921 4676 multorum
954 4631 1046 4676 brevem
1053 4627 1161 4686 alaram,
1171 4629 1265 4692 etquasi
1273 4643 1301 4675 ex
1310 4643 1404 4688 corpore
1415 4624 1476 4702 Solis·
1478 4625 1580 4689 jamjam

292 4683 390 4737 ,lovium
406 4699 447 4745 per
461 4695 554 4734 uncum
569 4689 670 4748 spatium
681 4689 773 4737 diffusa
783 4707 810 4739 ac
820 4693 921 4740 dilatata
953 4691 1034 4738 ofituri
1050 4681 1182 4749 exeuntem,
1198 4693 1229 4740 ad
1244 4693 1316 4740 instar
1325 4691 1395 4739 uubis
1410 4687 1502 4738 insolito
1512 4703 1581 4736 more

293 4761 341 4795 non
352 4749 472 4810 imps'ram,
479 4751 641 4813 magnimdine
651 4752 737 4812 nuclei,
753 4764 782 4803 ut
789 4757 922 4804 obsarrsbu
953 4752 1072 4818 litigantis,
1084 4770 1132 4831 pec
1148 4755 1214 4817 prius
1223 4753 1378 4820 disparem
1387 4752 1460 4819 quim
1472 4752 1514 4802 Sol
1528 4753 1581 4816 ipsc
