3338 5746
10 458 14 499 ἱ
66 452 372 533 LmnsTunrms]
397 453 642 521 PRINCIPIA
665 455 1037 521 MATHEMATICA.
1294 464 1354 527 187

64 636 140 709 post
167 625 263 712 longa
291 637 469 711 temporum
497 626 660 690 intervalla
688 627 898 705 redeuntium,
936 620 1172 692 determinanda
1200 629 1353 714 relinquo.

63 731 190 798 Interea
204 732 279 798 huic
293 734 420 820 negotio
435 732 614 816 Propositio
630 755 764 818 sequens
779 734 887 797 lumen
901 734 1071 815 accendere
1083 746 1196 819 potest.
1239 736 1244 747 '
1346 763 1352 781 ·

293 961 578 1028 PROPOSITIO
601 962 714 1027 XLII.
762 962 1163 1058 PROBLEMAXXII.

361 1166 519 1239 Inventam
532 1176 653 1230 comete
668 1167 874 1252 trajectoriom
889 1171 1048 1253 corrigere.

107 1355 255 1439 Operatio
278 1363 309 1420 1.
340 1353 529 1418 Assumatur
548 1354 662 1439 positio
686 1356 774 1440 plani
798 1357 993 1442 trajectoriae,
1016 1379 1074 1442 per
1101 1356 1352 1440 Propositionem

61 1467 256 1551 superiorem
270 1466 416 1540 inventa3
440 1476 472 1528 et
486 1464 656 1552 seligantur
669 1467 730 1530 tria
750 1467 820 1531 loca
834 1479 964 1531 cometae
978 1466 1246 1531 observationibus
1260 1488 1352 1530 accu-

57 1578 219 1643 ratissimis
234 1577 373 1654 definita,
390 1587 422 1640 et
436 1576 476 1640 ab
490 1576 624 1641 invicem
635 1575 867 1664 quammaxime
882 1577 1046 1652 distantia3
1065 1577 1167 1662 sitque
1183 1576 1214 1639 A
1228 1587 1352 1659 tempus

58 1689 141 1752 iuter
169 1687 305 1771 primam
334 1697 365 1749 et
393 1686 573 1763 secundam,
598 1709 635 1750 ac
659 1687 689 1750 B
712 1696 836 1770 tempus
847 1672 943 1749 ¹inter
967 1673 1137 1749 secundam¹
1160 1707 1197 1748 ac
1218 1684 1351 1748 tertiam.

62 1797 229 1862 Cometam
242 1809 348 1861 autem
362 1798 397 1859 in
411 1819 521 1861 eorum
536 1796 641 1882 aliquo
664 1794 702 1881 (¹¹)
718 1796 751 1858 in
765 1796 904 1883 perigaeo
918 1795 1036 1859 versari
1051 1793 1205 1883 convenit,
1228 1793 1278 1857 vel
1292 1793 1353 1858 sal·

58 1918 125 1972 tem
138 1929 205 1970 non
218 1905 313 1992 longe
329 1929 348 1968 a
362 1905 502 1991 perigaeo
517 1905 635 1968 abesse.
681 1904 714 1989 (¹)
731 1905 784 1968 Ex
798 1904 847 1967 his
861 1904 937 1967 locis
952 1905 1173 1989 apparentibus
1192 1903 1353 1967 invenian-

58 2026 122 2092 tur,
144 2036 203 2098 per
225 2013 423 2097 operationes
444 2011 724 2098 trigonometricas,
735 1986 816 2075 ⁶loca
831 2012 893 2074 tria
906 2034 980 2075 vera
994 2024 1124 2076 cometae
1145 2013 1178 2074 in
1193 2025 1353 2095 assumpto

61 2119 119 2183 illo
132 2119 229 2204 plano
243 2119 438 2204 trajectoriae.
484 2116 610 2182 Deinde
632 2139 690 2202 per
704 2118 774 2182 loca
788 2118 841 2181 illa
855 2120 991 2197 inventa,
1011 2119 1099 2182 circa
1112 2130 1255 2184 centrum
1271 2119 1353 2184 Solis

62 2250 121 2291 ceu
142 2226 335 2303 umbilicum,
358 2247 416 2309 per
436 2224 633 2309 operationes
656 2224 875 2303 arithmeticas,
898 2247 959 2310 ope
982 2225 1078 2310 Prop.
1102 2224 1203 2289 XXI.
1227 2224 1300 2289 Lib.
1324 2223 1351 2288 I.

60 2334 228 2410 institutas,
252 2332 448 2397 describatur
469 2332 565 2396 sectio
585 2331 714 2395 conica:
737 2331 785 2416 (ω)
808 2344 840 2396 et
860 2333 926 2418 ejus
948 2354 1039 2409 arere,
1063 2331 1159 2394 radiis
1180 2355 1200 2395 a
1223 2331 1297 2396 Sole
1311 2331 1354 2395 ad

57 2444 130 2508 loca
144 2444 272 2508 inventa
286 2443 387 2507 ductis
403 2443 586 2519 terminatae,
609 2454 703 2506 sunto
719 2443 753 2507 D
768 2454 800 2506 et
815 2442 854 2520 E,
877 2463 991 2526 nempe
1006 2442 1040 2505 D
1056 2463 1128 2505 area
1148 2432 1232 2504 inter
1245 2441 1352 2535 obser·

26 2555 31 2565 “
59 2554 217 2617 rationem
242 2553 377 2637 primam
403 2565 435 2616 et
460 2552 640 2628 secundam,
667 2563 699 2616 et
722 2551 752 2615 E
777 2574 850 2616 area
870 2553 953 2617 inter
973 2540 1145 2631 secundam
1159 2574 1196 2615 ac
1217 2537 1358 2614 tertiam.¹

59 2660 169 2745 Sitque
192 2658 225 2723 T
246 2672 371 2745 tempus
392 2672 503 2738 totum,
528 2682 591 2745 quo
613 2681 685 2723 area
706 2671 772 2723 tota
794 2660 828 2724 D
849 2670 882 2737 -1-
903 2661 932 2724 Ε
954 2661 1117 2725 velocitate
1128 2643 1272 2737 'cometae
1294 2680 1354 2743 per

59 2769 157 2853 Prop.
174 2769 270 2833 XVI.
287 2768 360 2833 Lib.
376 2768 404 2832 I.
419 2769 546 2832 inventa
559 2768 695 2832 describi
709 2766 811 2832 debet.
886 2772 889 2777 ’

106 2878 198 2959 Oper.
216 2885 246 2940 2.
269 2859 435 2962 Augeatur
452 2876 492 2959 (¹²)
508 2875 672 2962 longitudo
686 2874 843 2939 nodorum
857 2875 943 2970 plani
957 2876 1141 2961 trajectoriae
1150 2898 1160 2951 3
1182 2873 1297 2937 additis
1311 2872 1351 2937 ad

54 2985 285 3072 longitudinem
306 2986 393 3048 illam
415 2986 706 3071 20'.ve130'.quae
723 2985 868 3048 dicantur
889 2985 934 3060 P;
956 2998 988 3048 et
1001 2996 1140 3048 servetur
1161 2982 1248 3067 plani
1268 2967 1353 3045 illius

57 3093 220 3156 inclinatio
236 3093 277 3156 ad
291 3093 420 3176 planmn
434 3092 605 3176 eclipticae.·
641 3091 767 3156 Deinde
783 3114 824 3156 ex
839 3091 996 3176 praedictis
1011 3092 1110 3155 tribus
1125 3101 1256 3154 cometa
1274 3088 1352 3152 locis

55 3200 237 3277 observatis,
268 3201 466 3264 inveniantur
479 3280 481 3286 Α
494 3201 528 3264 in
556 3201 618 3264 hoc
646 3222 728 3264 novo
757 3199 853 3284 plano
881 3200 954 3263 loca
978 3200 1039 3261 tria
1063 3219 1147 3273 vera,
1174 3207 1210 3259 ut
1236 3193 1350 3279 suprai:

56 3309 174 3374 deinde
196 3310 291 3374 etiam
312 3310 397 3374 orbis
418 3332 476 3395 per
496 3310 566 3373 loca
586 3309 639 3372 illa
652 3309 815 3385 transiens,
833 3308 870 3391 (⁰)
887 3318 919 3371 et
933 3305 1071 3390 ejusdem
1086 3325 1168 3367 areae
1182 3302 1255 3366 duae
1268 3303 1351 3365 inter

88 3482 124 3548 (¹)
138 3486 151 3513 ⁸
164 3486 196 3533 In
209 3486 308 3546 perigoeo
323 3486 410 3532 vasari
425 3486 535 3532 convenit.
572 3483 687 3529 Versanta
719 3495 798 3529 aream
814 3479 875 3528 inter
885 3478 1068 3528 observationem
1078 3476 1204 3526 secundam
1216 3485 1240 3524 et
1250 3474 1349 3548 tertiam,

53 3549 119 3595 enim
130 3558 220 3595 cometa
235 3550 261 3595 in
277 3548 379 3610 perigaeo
390 3548 426 3594 vel
438 3548 520 3593 saltem
531 3561 579 3592 non
590 3545 688 3608 longer
718 3545 744 3592 id
763 3554 850 3601 estut
870 3545 895 3591 D
914 3544 945 3591 ad
965 3545 1005 3601 E3
1022 3543 1103 3591 eadem
1118 3557 1214 3607 quoque
1232 3541 1275 3586 erit
1291 3549 1350 3586 ratio
1369 3575 1372 3580 .

53 3613 164 3673 perigaeo,
176 3612 241 3659 illius
250 3622 329 3658 motus
340 3611 416 3673 magis
425 3609 532 3658 accurate
542 3609 660 3656 definitur.
682 3660 684 3664 Α
719 3609 780 3656 iuter
795 3619 901 3669 tempora
915 3608 1001 3671 quibus
1016 3623 1076 3654 areae
1091 3606 1138 3652 illa
1148 3604 1218 3652 radiis
1228 3603 1258 3650 ad
1271 3602 1349 3650 Solem

88 3675 118 3740 (¹)
131 3680 145 3706 ⁹
159 3678 244 3724 Eritis
259 3679 312 3723 locis
327 3677 497 3737 apparentibus.
534 3673 687 3721 Inveniemur
719 3673 796 3720 ductis
806 3672 972 3720 describentur.
1008 3671 1044 3719 Sit
1056 3671 1080 3725 S,
1092 3680 1185 3729 tempus
1195 3683 1275 3714 verum
1288 3665 1350 3713 iuter

53 3753 97 3799 per
116 3739 261 3799 operationes
282 3739 482 3800 trigonometricas
504 3740 543 3801 (ut
563 3738 589 3783 in
612 3737 683 3796 Prop.
719 3737 899 3784 observationem
911 3734 1154 3796 primamettertiam.
1188 3729 1349 3804 Sireperiatur

54 3802 167 3864 praeced.)
179 3803 231 3851 loca
241 3803 286 3850 tria
297 3818 350 3849 vera
360 3812 459 3850 cometa
474 3802 500 3847 in
510 3809 630 3860 assumpto
645 3800 689 3847 illo
720 3803 744 3849 T
753 3820 788 3847 =
805 3801 829 3857 S,
848 3809 872 3848 et
892 3801 915 3848 G
926 3819 961 3846 =
975 3801 1003 3857 C,
1022 3799 1116 3846 inventa
1132 3795 1197 3855 plani
1214 3795 1350 3857 trajectens

58 3865 130 3926 plano
140 3867 277 3930 trajectoriae
288 3876 398 3928 tanquam
410 3874 525 3922 accurato,
537 3867 581 3910 hoc
592 3873 632 3919 est,
649 3866 687 3910 in·
719 3865 803 3926 positio
814 3879 868 3911 vera
878 3864 921 3910 erit
930 3873 954 3911 et
969 3873 1083 3917 accurata,
1099 3861 1165 3907 nulla
1180 3859 1288 3921 indigens
1298 3871 1349 3903 cor·

54 3928 178 3976 veniamur
188 3931 232 3978 tria
243 3930 308 3990 prius
318 3930 408 3977 deliniti
421 3929 485 3988 plani
501 3939 589 3989 puncta
599 3928 623 3973 in
635 3928 687 3990 qui·
720 3929 828 3975 rectione.
863 3928 904 3974 Sin
915 3927 986 3981 aliter,
998 3926 1042 3973 erit
1054 3927 1119 3974 T-
1131 3925 1156 3980 S,
1172 3938 1235 3970 error
1251 3923 1275 3967 iu
1289 3931 1349 3967 tem-

54 3994 100 4039 bus
110 4003 199 4041 cometa
209 3994 308 4042 eandem
319 3993 493 4056 longitudinem
503 4008 531 4040 ac
541 3991 688 4039 latitudinem
720 4007 778 4052 pore
788 4000 837 4038 toto
847 3992 907 4037 inter
917 3991 1098 4038 observationem
1114 3990 1213 4049 primam
1224 3997 1247 4033 et
1258 3984 1350 4032 tertiam

54 4055 169 4102 obtineret
179 4073 250 4118 qnam
257 4057 341 4105 'revera
351 4059 437 4104 habere
448 4059 590 4104 observatur.
721 4065 793 4111 ortus,
816 4055 927 4101 nimirum
946 4070 975 4102 ex
994 4054 1107 4115 positione
1128 4051 1192 4112 plani
1214 4048 1349 4112 trajectoriae

89 4119 130 4183 (ω)
149 4123 162 4150 ·
180 4123 242 4183 Ejus
252 4139 320 4171 area.
357 4122 396 4168 Ex
416 4118 471 4168 data
490 4131 587 4178 comesoe
606 4117 690 4166 semitis
720 4121 801 4166 minua
812 4117 927 4175 accurate,
939 4128 963 4164 et
976 4119 1041 4165 G-
1054 4119 1083 4174 C,
1100 4117 1144 4163 en't
1154 4130 1217 4163 error
1227 4128 1254 4159 ex
1266 4110 1350 4160 eedem

55 4183 154 4244 ejusque
171 4187 273 4244 partium
289 4185 462 4248 magnitudine,
478 4193 585 4244 respectu
600 4183 689 4229 semitae
721 4180 793 4230 causa
803 4191 868 4229 ortus
883 4182 908 4228 in
918 4182 1007 4230 ratione
1017 4181 1127 4242 temporis
1140 4181 1202 4226 inter
1212 4176 1349 4224 menam

56 4246 160 4294 Telluris
175 4249 270 4310 ejusque
285 4253 395 4308 partium,
413 4249 508 4296 dabitur
522 4248 631 4295 velocitas
641 4244 689 4308 qud
716 4262 777 4301 ⁴uern
792 4247 892 4306 primam
903 4256 927 4293 et
937 4245 1071 4301 secundam,
1087 4244 1117 4291 ad
1128 4254 1221 4303 tempus
1236 4241 1297 4288 inter
1307 4241 1350 4290 ob-

53 4320 146 4357 cometa
162 4310 227 4358 illam
244 4311 357 4365 describit,
375 4310 476 4375 idedque
487 4311 582 4359 dabitur
595 4320 689 4370 tempus
721 4310 873 4357 servationem
884 4309 1010 4356 secundam
1021 4319 1045 4355 et
1055 4307 1153 4361 tertiam,
1166 4316 1193 4352 ut
1203 4316 1281 4364 μετεὶς
1292 4318 1349 4350 nam

53 4389 102 4436 quo
118 4386 210 4420 comma
225 4389 290 4422 areas
301 4376 360 4422 duas
372 4376 423 4436 jam
438 4377 546 4422 inventas
564 4374 685 4434 percurris
721 4375 746 4421 in
755 4383 854 4435 utroque
861 4388 915 4422 casu
924 4373 1002 4420 unitas
1009 4382 1134 4432 usurpatur
1141 4385 1183 4432 pro
1195 4377 1350 4432 consequente

55 4440 162 4497 Tempus
181 4437 243 4484 illud
263 4447 341 4485 totum
361 4438 454 4486 dicatur
479 4440 509 4495 T,
538 4439 688 4499 capiaturque
720 4438 816 4484 rationis
827 4438 887 4484 inter
896 4437 951 4484 bina
961 4446 1072 4496 tempora.

52 4517 167 4550 numerus
180 4503 207 4554 C,
221 4502 261 4563 qui
272 4501 342 4549 sitad
355 4507 376 4556 1,
394 4513 526 4561 uttempus
539 4503 688 4550 interobser·
753 4502 789 4564 (¹²)
807 4505 820 4532 ⁸
839 4503 971 4562 Longieado
992 4503 1116 4556 11οά1111111,
1137 4512 1180 4558 par
1202 4512 1267 4544 num.
1294 4500 1347 4544 145.

52 4566 170 4613 rationem
186 4564 287 4624 primam
297 4575 321 4612 et
331 4566 459 4612 secundam
473 4566 503 4613 ad
519 4577 613 4626 tempus
628 4567 689 4612 inter
722 4565 823 4612 iuventa.

53 4629 236 4676 observationem
248 4628 378 4676 secundam
390 4638 414 4676 et
424 4629 524 4685 terrim,
542 4631 587 4676 hoc
603 4638 645 4685 est,
661 4637 690 4675 ut
753 4626 788 4692 (ο)
802 4632 814 4660 ⁶
829 4630 862 4675 Et
873 4628 974 4690 pardem
984 4642 1046 4675 oreoe
1056 4629 1117 4674 daoe.
1152 4624 1274 4671 Harumce
1287 4635 1351 4668 area·

55 4695 80 4738 A
96 4692 126 4739 ad
143 4695 171 4739 B.
209 4693 321 4739 Sumatur
336 4691 451 4753 pratered
465 4691 531 4740 Gad
548 4698 570 4750 1,
586 4702 615 4740 ut
629 4707 690 4739 areas
721 4707 776 4739 rum
800 4691 860 4738 inter
881 4702 927 4738 tres
936 4691 1108 4739 observmonsa
1127 4688 1198 4736 radiis
1219 4687 1249 4734 ad
1272 4684 1351 4732 Solem
1441 4736 1448 4745 ,

52 4757 114 4802 inter
135 4756 319 4804 observationem
341 4755 444 4818 primam
466 4765 492 4805 et
512 4755 638 4805 mundam
659 4754 690 4803 ad
713 4756 800 4804 'ductis
810 4755 976 4818 descriptamm
985 4753 1045 4803 ran'o
1055 4753 1087 4802 sit
1095 4761 1123 4801 ut
1132 4768 1157 4816 g,
1165 4751 1196 4801 ad
1209 4755 1237 4809 15
1248 4749 1324 4812 sitque
1332 4756 1349 4802 l·

87 4841 148 4890 Vor..
162 4842 216 4891 111.
232 4843 300 4892 Pura
311 4841 350 4892 II.
682 4841 708 4890 N
