3374 5774
94 409 206 476 Ltsna
221 407 400 488 Tannus]
445 408 685 474 PRINCIPIA
708 407 1077 476 MATHEMATICA.
1327 417 1369 477 2⁵

94 603 127 642 m
143 580 196 643 Pl
220 579 356 664 aequalis.
403 578 477 641 Hoc
503 589 606 640 autern
629 578 662 640 in
687 600 770 655 casu,
797 578 987 664 anguinum
1004 576 1054 641 Pl
1082 588 1129 640 est
1153 577 1194 640 ad
1218 577 1368 666 arrgulutu

97 688 124 750 P
139 688 171 750 T
186 687 234 764 M,
259 709 352 772 quem
368 687 459 749 Luna
480 685 591 748 eodem
612 699 752 768 tempore
765 698 853 748 motu
876 707 933 748 sno
956 696 1124 769 apparente
1138 685 1220 747 circa
1234 684 1368 749 Terram

96 792 248 868 descrlbit
275 804 310 854 ut
338 800 352 854 1
381 791 422 854 ad
448 799 498 867 59,
516 798 588 858 575.
632 791 713 853 Nam
742 791 873 876 angulus
896 813 929 853 m
944 791 998 855 Pl
1024 789 1152 875 aequalis
1178 801 1226 852 est
1250 787 1367 874 angulo

96 897 125 960 L
141 897 168 960 P
184 897 232 973 M,
258 895 291 958 id
312 909 368 973 est,
395 897 510 983 angulo
523 897 703 960 deflexionis
719 896 819 959 Lunae
832 909 951 960 arceto
966 898 1097 973 tramite,
1121 917 1213 981 quem
1235 894 1301 956 sols
1320 893 1367 955 vis

92 1001 222 1086 praefata
236 1002 343 1066 solaris
370 1013 388 1067 8
405 1003 422 1066 Ι
438 1003 479 1079 Τ,
506 1004 532 1066 si
558 1014 624 1066 tum
639 1014 772 1066 cessaret
787 1001 888 1065 Lunae
902 1004 1045 1089 gravitas,
1069 1003 1143 1066 dato
1157 1001 1211 1064 illo
1225 1013 1366 1082 tempore

94 1129 243 1193 generare
258 1120 378 1190 posset3
401 1110 448 1191 (Ρ)
475 1120 506 1170 et
529 1107 660 1194 angulus
687 1108 760 1171 PT
776 1107 815 1171 M
838 1108 965 1192 oequnlis
987 1119 1034 1172 est
1055 1107 1169 1192 angulo
1183 1103 1366 1169 deflexionis

96 1217 197 1279 Lunae
212 1230 329 1280 arceto
345 1218 476 1292 tramite,
500 1239 592 1302 quem
606 1217 651 1278 vis
667 1216 727 1292 illa,
752 1215 812 1300 qui
829 1217 921 1279 Luna
942 1217 973 1277 in
996 1217 1071 1279 orbe
1086 1239 1143 1278 suo
1158 1217 1315 1291 retinetur,
1340 1214 1367 1276 si

94 1338 161 1389 turn
176 1338 309 1391 cessaret
322 1327 368 1391 vis
384 1325 491 1391 solaris
516 1334 534 1388 8
552 1325 567 1387 Ι
583 1324 623 1400 Τ,
647 1323 757 1387 eodem
772 1336 913 1407 tempore
926 1336 1099 1410 generaret
1145 1325 1187 1386 Et
1207 1324 1258 1386 hae
1272 1325 1363 1399 vires,

94 1445 129 1495 ut
143 1432 394 1516 supradiximus,
411 1430 537 1494 suntad
551 1431 681 1493 invicem
696 1442 731 1492 ut
749 1439 761 1491 1
781 1429 821 1491 ad
837 1438 887 1504 59,
902 1436 974 1496 575.
1020 1434 1058 1513 (¹¹)
1077 1431 1163 1515 Ergo
1178 1429 1249 1492 crim
1263 1442 1365 1494 motus

94 1538 214 1602 medius
236 1537 379 1601 horarius
395 1537 495 1599 Lunae
516 1548 657 1618 respectu
672 1534 806 1598 fixarum
827 1535 866 1599 sit
889 1537 949 1597 32'.
966 1537 1036 1600 56²&
1053 1538 1132 1602 27's'.
1150 1535 1238 1616 1811,
1263 1549 1365 1599 motus

94 1647 236 1711 horarius
251 1648 325 1710 nodi
340 1648 372 1709 in
385 1647 446 1709 hoc
461 1669 533 1709 casu
548 1646 606 1708 erit
621 1646 689 1709 33⁶.
709 1645 783 1707 10'‘'.
795 1642 865 1708 W.
885 1651 947 1707 12⁹.
985 1642 1064 1708 Aliis
1080 1657 1182 1707 autem
1197 1644 1228 1706 in
1244 1644 1365 1707 casibus

94 1765 196 1819 motus
211 1755 268 1816 iste
282 1753 423 1815 horarius
439 1754 497 1815 erit
512 1752 552 1814 ad
568 1752 635 1814 33⁶.
654 1752 726 1814 10‘'‘.
744 1748 815 1813 381.
834 1757 895 1811 ta'.
918 1760 953 1811 ut
968 1760 1148 1813 contentum
1163 1750 1221 1813 sub
1236 1747 1369 1813 sinubus

94 1859 279 1946 angulorum
294 1859 387 1922 trium
413 1858 445 1921 T
460 1857 487 1920 P
502 1858 529 1934 l,
554 1852 627 1920 PT
643 1857 685 1933 N,
709 1869 740 1919 et
767 1854 837 1919 ST
852 1856 884 1918 N
909 1861 977 1938 (seu
992 1855 1208 1919 distantiarum
1224 1857 1325 1919 Lunae
1346 1880 1365 1920 a

95 1967 291 2052 quadraturis,
310 1967 409 2029 Lunae
425 1989 443 2027 a
457 1965 551 2041 nodo,
567 1976 599 2027 ct
613 1963 688 2025 nodi
702 1985 721 2025 a
738 1961 822 2041 Sole)
846 1962 885 2024 ad
908 1963 1022 2025 cubum
1036 1963 1124 2027 radii.
1169 1965 1206 2047 (⁰)
1231 1965 1273 2027 Et
1287 1987 1365 2049 quo-

127 2183 168 2247 (m)
188 2186 202 2213 ¹
220 2185 254 2230 Et
263 2184 362 2242 nugulas
375 2184 397 2228 P
409 2183 472 2229 TM
482 2180 713 2243 aqualisestuugulo
779 2175 812 2240 (⁰)
835 2181 848 2207 '
866 2179 900 2225 Et
916 2182 1000 2241 quoties
1016 2183 1105 2240 Quum
1125 2181 1222 2242 attejas
1240 2183 1321 2240 unguii
1338 2185 1366 2228 de

94 2249 229 2310 definionia
266 2244 377 2306 Angulus
394 2245 424 2290 M
437 2244 484 2304 Pp
502 2254 537 2290 est
554 2244 655 2304 angulus
674 2240 714 2287 de-
744 2242 888 2303 cffirmotioo,
907 2244 949 2290 &c
986 2244 1095 2305 Angulos
1112 2246 1138 2300 Q
1148 2245 1203 2291 TP
1221 2253 1244 2290 et
1264 2245 1286 2290 N
1300 2245 1323 2291 Τ
1334 2245 1364 2299 Ρ,
1394 2263 1400 2280 2

94 2309 200 2357 flexionis
220 2309 250 2356 de
270 2323 318 2370 quo
339 2323 402 2355 nune
419 2307 502 2370 agitur,
525 2307 641 2370 triangula
652 2302 713 2377 ‚vare
745 2303 938 2413 isidiiioiodm
950 2306 1085 2416 Nartem
1103 2307 1368 2424 quwsiciopumdmli

953 2384 968 2414 n
1328 2386 1342 2415 s

746 2430 771 2476 N
789 2431 820 2478 sd
837 2381 1264 2494 quessgpsgmmrespgocgngtuwgurlgp
1274 2435 1299 2488 Q
1310 2434 1332 2481 T
1343 2385 1367 2481 P

744 2502 779 2539 est
789 2493 899 2553 positivus
909 2497 998 2557 quoties
1008 2511 1074 2542 arcus
1086 2498 1112 2551 Q
1122 2496 1150 2550 P,
1170 2498 1200 2543 ab
1216 2494 1299 2542 ultimi
1308 2512 1367 2559 qus-

745 2554 840 2603 drsturi
852 2558 878 2612 Q
889 2568 1023 2606 numeratus
1032 2559 1058 2605 in
1069 2558 1231 2620 consequentis
1241 2573 1288 2605 non
1298 2574 1366 2607 enoe-

744 2619 780 2666 dit
802 2626 847 2666 180
868 2637 904 2682 gr·
926 2625 1046 2685 negativus
1066 2620 1120 2669 verd
1140 2621 1195 2669 edm
1214 2636 1281 2668 arcus
1301 2624 1327 2678 Q
1344 2624 1367 2670 P

745 2683 901 2731 exceditne
916 2700 970 2746 gr.;
987 2685 1088 2747 angulus
1107 2687 1132 2733 N
1150 2687 1173 2733 T
1191 2684 1212 2731 P
1229 2685 1314 2745 pariter
1331 2696 1367 2734 est

745 2745 855 2805 positivus
864 2746 920 2796 citu
930 2764 998 2796 meus
1009 2751 1034 2796 N
1046 2749 1093 2796 Ps
1110 2748 1174 2798 nodo
1184 2748 1322 2797 ascendente
1339 2749 1366 2796 in

745 2811 908 2870 consequentia
927 2821 1063 2860 numerante
1083 2827 1131 2860 non
1153 2811 1242 2859 excedit
1265 2816 1311 2860 180
1328 2828 1363 2875 gr.

745 2874 866 2934 negativus
882 2874 934 2921 sord
953 2884 988 2922 est
1003 2874 1059 2923 edm
1076 2876 1097 2922 is
1113 2890 1181 2923 arcus
1202 2876 1226 2922 N
1240 2875 1260 2921 P
1276 2876 1368 2924 excedit

430 2884 641 3015 [V
747 2942 792 2983 180
802 2953 837 2998 gr.
873 2938 974 2992 Quando
984 2940 1045 2984 enim
1057 2954 1123 2986 treus
1142 2938 1206 2995 QP,
1226 2940 1249 2985 N
1263 2939 1284 2986 P
1299 2955 1366 2988 exce-

397 2972 473 3076 LM
745 2999 805 3046 cuns
825 3006 870 3048 180
879 3017 914 3063 gr.
927 3010 984 3049 unc
994 3002 1076 3064 mgun
1093 3002 1190 3058 ore,
1209 3004 1233 3050 n
1246 3003 1302 3051 re
1318 3018 1367 3050 non

745 3063 845 3124 amplius
861 3075 1012 3113 numerantur
1027 3065 1156 3113 secundum
1168 3066 1245 3113 Lunae
1260 3067 1367 3114 directio-

747 3142 806 3183 nem,
815 3144 855 3174 seu
862 3129 992 3177 seeundum
998 3131 1137 3191 nimquam
1145 3131 1215 3177 Luna
1223 3141 1257 3177 est
1264 3145 1365 3187 menn,

745 3191 786 3237 sed
801 3192 930 3239 secundum
942 3193 1002 3242 riam
1012 3208 1065 3254 que
1074 3193 1118 3252 ipsi
1129 3193 1277 3240 describenda
1287 3208 1367 3253 mper-

747 3266 782 3300 est
791 3264 819 3301 ut
835 3255 864 3302 ad
880 3266 967 3314 puncta
976 3256 1001 3310 Q
1010 3264 1033 3302 et
1045 3257 1070 3302 N
1080 3256 1165 3310 redeat,
1177 3258 1230 3303 hine
1241 3256 1275 3302 illi
1286 3255 1368 3318 anguli

746 3319 846 3379 negativi
854 3318 971 3375 dicuntur,
980 3335 1062 3366 corum
1071 3330 1175 3378 respectu
1186 3321 1227 3381 qui
1237 3319 1367 3366 secunddtn

97 3377 128 3425 M
140 3377 194 3439 Pp,
216 3381 245 3426 M
258 3379 313 3427 PT
331 3388 386 3429 sunt
396 3379 479 3426 similia
489 3383 519 3427 ob
529 3381 642 3442 angulum
654 3395 718 3426 com·
747 3381 809 3428 viam
819 3397 833 3426 a
845 3380 916 3428 Luni
926 3382 1063 3442 descriptam
1074 3397 1243 3429 mensurantur.

96 3456 194 3490 munem
213 3444 235 3491 P
246 3444 275 3490 M
289 3446 318 3500 T,
338 3453 362 3491 et
380 3443 478 3505 angtdos
489 3454 562 3490 rectos
580 3445 602 3489 T
616 3444 636 3488 Ρ
647 3444 676 3489 Μ
694 3453 718 3490 et
781 3444 892 3505 Angelus
902 3443 956 3493 veni
969 3446 1017 3494 ST
1027 3447 1051 3493 N
1059 3445 1169 3505 positivus
1179 3445 1265 3492 dicitur
1274 3444 1368 3506 quando

98 3505 144 3566 Pp
153 3507 190 3561 Μ,
203 3508 257 3555 hinc
267 3507 349 3572 anguli
359 3507 445 3554 residui
457 3507 479 3553 P
488 3507 510 3554 T
520 3507 556 3563 M,
569 3507 597 3552 M
609 3505 652 3567 Pp
663 3515 719 3553 sunt
747 3521 814 3554 arcus
826 3510 847 3553 A
860 3507 883 3554 N
895 3524 909 3554 a
919 3507 970 3555 loco
980 3509 1149 3572 conpunctionis
1160 3508 1237 3557 Lunae
1247 3523 1303 3557 cum
1315 3508 1369 3556 Sole

96 3569 204 3631 aqualem
749 3585 822 3630 usque
838 3569 868 3616 sd
884 3572 971 3618 nodum
983 3583 1062 3618 contra
1072 3571 1177 3617 ordinem
1188 3572 1307 3633 signorum
1324 3585 1370 3618 nu-

130 3632 165 3697 (¹)
187 3636 200 3664 ⁴
214 3636 285 3694 Ergo,
296 3637 339 3683 de.
374 3633 418 3680 Isti
434 3633 515 3695 anguli
524 3631 659 3679 deflexionis
677 3631 717 3679 de·
747 3644 855 3688 meratus,
867 3644 902 3680 cst
912 3635 988 3682 minor
1002 3640 1045 3682 180
1055 3650 1100 3697 gn,
1117 3634 1239 3696 negativus
1249 3634 1302 3682 verd
1312 3634 1370 3682 dici·

96 3693 154 3742 lient
164 3712 214 3745 esse
224 3708 252 3745 ut
262 3699 321 3745 vires
339 3697 391 3744 illas
405 3695 545 3743 deflexiones
558 3696 717 3757 producentes,
747 3706 787 3745 tur
797 3695 852 3743 edm
863 3697 954 3745 excedit
965 3704 1012 3745 180
1021 3714 1067 3761 gn,
1085 3698 1146 3760 quis,
1158 3697 1214 3745 edm
1225 3697 1280 3744 nodi
1290 3713 1368 3747 move·

97 3758 252 3808 innocenim
263 3778 325 3820 essu,
337 3771 434 3822 nunque
445 3760 478 3805 vis
488 3759 718 3822 sgitperpendiculs-
748 3771 817 3807 entur
827 3771 907 3808 conus
922 3761 1026 3810 ordinem
1038 3763 1157 3825 signorum
1173 3762 1221 3808 sive
1236 3762 1262 3811 in
1278 3772 1367 3810 anuos-

98 3822 153 3869 riter
171 3823 201 3871 sd
220 3835 355 3889 tangentem
373 3824 395 3871 P
416 3824 452 3879 M,
470 3823 524 3870 hinc
541 3822 631 3870 lineola
649 3823 679 3869 M
695 3839 719 3883 p,
749 3824 833 3881 dentis,
853 3826 954 3888 angulus
974 3827 991 3873 S
1011 3827 1034 3874 Τ
1051 3827 1076 3873 N
1094 3825 1170 3885 primo
1186 3840 1241 3872 casu
1262 3826 1370 3887 exprimit

100 3885 130 3932 M
141 3886 164 3933 L
183 3902 226 3948 per
243 3905 282 3936 ess
300 3890 359 3936 vires
369 3887 454 3951 genita
471 3897 573 3961 tempore
583 3886 672 3960 eodem,
692 3903 720 3934 eo
749 3890 816 3961 viam.
830 3889 1019 3962 godiasyzygis,
1040 3887 1141 3962 seeundo
1152 3905 1206 3937 casu
1223 3890 1283 3937 viam
1298 3904 1368 3952 quam

99 3962 185 4061 'iiiii
199 3967 249 4062 iii
261 3949 720 4077 ffffiwffinffi
749 3952 1233 4078 “mfissssbssffiffllfffflffi‘ssg
1243 4017 1277 4065 nn
1288 4016 1370 4079 angus

101 4078 261 4188 mid
268 4079 357 4191 ''13⁰3“
358 4079 538 4190 Mitt
539 4087 594 4187 'ii
595 4079 678 4187 segg
677 4092 720 4186 ii?
750 4079 924 4189 111111ιῖ
937 4081 964 4134 p,
977 4079 1371 4190 rii-'⁴45³”Mliittttt

102 4200 161 4246 nimi
172 4214 225 4252 sunt
234 4158 262 4254 ui
271 4177 374 4267 ipsonim
385 4155 585 4268 tange’ntes,megrgo
595 4156 676 4266 iqiiguli
687 4205 722 4251 illi
751 4207 781 4253 sit
790 4159 1010 4269 negadvuagieeNqui
1018 4159 1204 4267 positiviqiirotus
1212 4209 1326 4254 nodorum
1337 4217 1372 4254 est

102 4262 236 4316 deflexionis
245 4282 300 4317 sunt
310 4282 337 4316 ut
348 4270 406 4317 vires
416 4268 467 4314 illas
474 4267 633 4327 producentes,
645 4280 722 4314 motus
751 4273 913 4332 progressivae.
941 4269 978 4316 30.
995 4271 1065 4325 Quod
1077 4271 1097 4318 si
1108 4286 1169 4316 unus
1180 4287 1259 4318 eorum
1271 4271 1299 4317 sit
1310 4273 1371 4330 posi-

100 4335 182 4374 nutem
192 4330 275 4379 horarii
284 4334 360 4380 Lunae
369 4342 393 4379 et
403 4331 517 4379 nodorum
526 4339 581 4378 sunt
590 4332 632 4392 ipsi
641 4331 723 4394 anguli
751 4335 819 4388 tivus,
831 4334 878 4380 duo
889 4334 996 4396 negativi,
1008 4345 1084 4382 motus
1096 4335 1208 4380 nodorum
1220 4344 1254 4380 est
1264 4335 1371 4396 regressi·

103 4390 126 4437 P
134 4391 197 4438 TM
207 4403 230 4441 et
240 4396 316 4453 mTl,
327 4397 428 4457 quisunt
439 4410 467 4441 ex
478 4394 638 4449 demonstratis
646 4410 723 4456 aequa-
752 4413 801 4444 vua
836 4396 872 4445 40.
894 4397 1002 4460 Denique
1013 4398 1074 4459 quod
1086 4398 1104 4442 si
1116 4412 1196 4443 omnes
1206 4399 1252 4443 sint
1263 4398 1372 4460 negativi,

100 4452 135 4501 les
149 4457 245 4519 augulis
255 4457 408 4508 defleriouum
427 4459 454 4505 M
469 4458 524 4518 Pp,
545 4459 572 4505 Μ
587 4458 649 4515 PL,
668 4473 723 4520 ergo
753 4471 830 4507 motus
838 4459 951 4506 nodorum
959 4463 1042 4507 iterum
1053 4462 1081 4507 sit
1093 4462 1255 4520 progressivus,
1267 4463 1299 4509 sic
1310 4462 1373 4509 enirn

99 4527 180 4566 motus
194 4521 279 4570 horarii
289 4532 345 4570 sunt
354 4533 382 4570 ut
392 4521 451 4570 rues
460 4521 512 4569 illas
522 4521 660 4569 deflexiones
672 4536 723 4584 pro·
753 4528 836 4587 quotics
848 4528 939 4585 signum
949 4526 1047 4587 alicujus
1063 4526 1181 4584 angelicis
1197 4528 1333 4589 qffirmutiuo
1348 4524 1374 4570 in

101 4579 221 4634 ducentes.
253 4586 285 4642 Q,
296 4601 348 4635 e.o.
755 4591 894 4650 negativum,
911 4591 1126 4653 dequetffrnwtivo
1142 4592 1310 4652 temporivum
1320 4603 1373 4639 mu·
