3374 5774
223 463 285 523 196
537 450 879 548 PHILOSOPHIAE
902 450 1175 520 NATURALIS
1197 451 1270 536 [Du
1283 452 1512 534 morosus.

219 628 316 694 ticum
329 636 460 691 cometae
472 624 565 712 hujus
579 624 798 690 determinare.
838 624 945 711 Atque
958 624 1028 691 haec
1042 626 1087 691 ita
1100 648 1134 691 se
1147 623 1319 703 habebunt,
1336 625 1363 689 si
1376 642 1511 706 cometa,

220 741 323 827 spatio
336 760 491 803 annorum
505 738 702 826 septuaginta
712 737 860 823 quinque,
876 736 910 800 in
922 736 985 801 hoc
997 736 1074 802 orbe
1087 738 1220 822 posthac
1230 736 1366 801 redierit.
1395 738 1512 803 Come·

219 863 260 916 toe
275 849 386 935 reliqui
400 849 511 934 majori
526 861 667 933 tempore
681 846 800 911 revolvi
814 845 959 910 videntur
973 858 1006 910 et
1019 845 1111 911 altids
1126 846 1304 910 ascendere.
1511 914 1514 920 ,

262 957 421 1022 Coeterum
442 967 582 1033 cometae,
606 954 647 1018 ob
669 964 820 1042 magnum
834 975 944 1018 eorum
958 975 1134 1032 numerum,
1157 967 1189 1018 et
1207 974 1355 1040 magnam
1369 952 1510 1038 aphelio-

217 1087 288 1129 rum
302 1088 322 1128 a
338 1063 411 1129 Sole
426 1062 614 1139 distantiam,
630 1073 662 1125 et
682 1060 810 1149 longam
823 1081 945 1124 moram
958 1060 992 1122 in
1007 1059 1151 1145 apheliis,
1166 1080 1224 1147 per
1244 1058 1412 1146 gravitates
1426 1060 1460 1123 in
1475 1084 1509 1127 se

216 1186 326 1239 mutuo
341 1172 483 1237 nonnihil
497 1171 616 1237 turbmi
638 1171 762 1249 debent,
785 1182 818 1235 et
838 1193 949 1234 eorum
970 1170 1217 1234 eccentricitates
1232 1180 1264 1232 et
1277 1168 1508 1235 revolutionum

216 1293 362 1366 tempora
382 1301 467 1344 nunc
488 1279 596 1366 augeri
610 1276 847 1363 aliquantulum,
868 1298 953 1341 nunc
967 1276 1110 1342 diminui.
1156 1274 1296 1341 Proinde
1310 1297 1375 1338 non
1390 1288 1438 1339 est
1452 1300 1508 1342 ex·

216 1390 406 1478 pectandum
421 1402 457 1454 ut
467 1401 589 1454 cometa
601 1389 686 1452 idem
700 1389 734 1453 in
745 1387 856 1453 eodem
870 1388 957 1466 orbe,
969 1400 1004 1469 et,
1014 1387 1124 1452 iisdem
1135 1386 1326 1472 temporibus
1340 1387 1507 1471 periodicis

214 1497 358 1564 accurate
380 1497 496 1561 redeat.
543 1495 665 1561 Sufficit
688 1495 714 1558 si
738 1494 929 1592 mutationes
950 1517 1016 1559 non
1041 1496 1173 1580 majores
1195 1495 1388 1574 obvenerint,
1411 1494 1507 1583 quiam

214 1632 284 1696 quae
299 1633 318 1673 a
332 1609 433 1672 causis
447 1607 607 1692 praedictis
622 1605 772 1671 oriantur.

256 1718 299 1782 Et
320 1716 395 1779 hinc
416 1713 495 1778 ratio
517 1713 668 1790 redditur,
693 1712 732 1797 (ἀ)
755 1733 812 1777 cur
827 1723 958 1776 cometae
973 1732 1037 1774 non
1053 1709 1359 1797 comprehendantur
1374 1711 1507 1776 zodiaco

213 1845 300 1887 more
320 1824 528 1907 planetarum,
552 1820 608 1885 sed
629 1819 703 1884 inde
723 1821 861 1908 migrent
874 1831 906 1884 et
919 1819 1056 1884 motibus
1071 1819 1167 1882 variis
1182 1821 1215 1882 in
1230 1841 1339 1884 omnes
1353 1821 1506 1884 coelorum

211 1930 355 2018 regiones
381 1927 528 1994 serantur.
576 1927 700 1994 Scilicet
718 1950 757 1992 eo
780 1928 853 2006 fine,
878 1940 914 1992 ut
941 1927 974 1990 in
999 1925 1131 2011 apheliis
1153 1927 1227 2006 suis,
1253 1928 1308 1992 ubi
1329 1929 1504 1995 tardissime

243 2097 277 2162 (ί)
292 2102 343 2154 ms
358 2101 371 2129 '
386 2103 435 2148 Car
450 2107 543 2147 comete
553 2114 602 2147 nott
617 2099 840 2160 conpreltmdesstar
871 2105 946 2144 totam
964 2095 1036 2144 sensit
1053 2095 1139 2144 clariss.
1154 2096 1196 2144 sir·
1233 2096 1357 2158 oporteret
1371 2098 1460 2146 scilicet
1476 2111 1504 2148 ιιι

210 2165 308 2212 soiliaco.
347 2163 385 2210 Ex
398 2165 517 2209 observato
527 2161 589 2223 sepe
600 2163 685 2221 sepius
695 2171 840 2209 cometarum
871 2171 962 2208 cometa
983 2161 1024 2207 ills
1042 2159 1114 2222 paulo
1132 2173 1187 2209 ante
1214 2166 1253 2208 at.
1272 2161 1336 2209 diem
1362 2163 1504 2210 Novembris

210 2242 280 2274 cursu
301 2227 435 2288 retrogrado
457 2225 555 2274 deduxit
582 2227 714 2274 Nswtonns
737 2238 840 2273 cometas
871 2239 913 2286 per
931 2224 1021 2273 nodum
1042 2225 1220 2272 descendentem
1241 2225 1356 2273 mnsient
1377 2236 1401 2273 et
1422 2242 1503 2274 versus

210 2305 258 2337 non
269 2291 432 2350 comprehendi
443 2291 538 2337 aodiaco
548 2305 613 2336 more
623 2289 778 2351 planetarum,
795 2288 836 2336 sed
867 2288 930 2335 diem
956 2293 991 2337 17.
1018 2289 1156 2336 Decembris
1176 2289 1207 2336 sd
1227 2290 1317 2336 nodum
1338 2289 1503 2338 madentem

209 2353 266 2401 inde
280 2355 381 2416 migrare
396 2365 420 2401 et
436 2355 537 2402 motibus
552 2354 620 2401 vatin
634 2354 660 2400 in
675 2367 756 2401 omnes
766 2353 836 2400 ooelo-
867 2353 1004 2413 pervenerit,
1019 2351 1120 2416 idedque
1130 2362 1220 2401 comma
1231 2354 1329 2400 breviori
1344 2352 1416 2416 quim
1428 2356 1501 2402 unius

209 2433 262 2492 rum
272 2421 378 2528 '‘igmff
388 2433 515 2528 ercurgere:
553 2420 665 2530 Αιιιιιιιιὲιιι
676 2417 836 2544 emas·
868 2416 1093 2541 ffimhintelrvallo,
1106 2426 1187 2528 ttrotrtut
1198 2418 1298 2528 spatiurlt}
1308 2417 1423 2528 quodmest
1438 2417 1503 2528 inlfri

208 2496 275 2528 ssnus
289 2497 315 2527 ιιι
362 2497 443 2527 οιιιιιιι.
479 2497 531 2528 aris.
548 2496 587 2528 an.
665 2512 672 2529 .
810 2496 838 2528 os
908 2496 967 2528 uum
979 2496 1021 2528 eci
1127 2499 1141 2527 a
1297 2495 1351 2529 otro
1403 2492 1502 2530 taveo·

209 2556 356 2592 cometarum
367 2559 445 2591 motus
455 2544 485 2591 ad
495 2544 594 2593 directos
609 2544 709 2592 reduxit.
746 2544 838 2592 Venlm
868 2546 925 2592 citas
940 2556 1003 2593 earet
1013 2491 1283 2601 viliisi'rnrtiffiiffnec
1297 2545 1415 2592 condliari
1433 2561 1501 2606 posse

207 2623 237 2656 eo
252 2608 350 2656 anificio
366 2609 441 2654 utitur
456 2608 491 2654 vir
501 2608 647 2656 doctinimus
662 2618 690 2656 ut
704 2608 838 2656 distantiam
869 2608 961 2657 ridetur
981 2623 1038 2656 corn
1057 2608 1183 2657 ohsenmis
1203 2609 1277 2672 longo
1297 2611 1408 2670 temporis
1424 2611 1502 2670 spatio

207 2682 304 2720 oomsw
314 2687 330 2718 a
341 2670 414 2719 Terrd
425 2671 462 2719 vel
474 2672 528 2719 Sole
538 2688 580 2733 pro
590 2672 685 2721 arbitrio
695 2683 803 2731 msumat,
813 2683 837 2721 et
869 2673 941 2734 hujus
951 2683 1048 2720 cometa
1059 2672 1174 2732 motibus;
1190 2673 1229 2721 hic
1240 2673 1305 2722 enim
1314 2683 1500 2721 astronomorum

207 2734 279 2784 modo
296 2736 415 2783 Tellurem
431 2736 491 2782 inter
503 2737 580 2784 Solem
592 2746 615 2783 et
625 2745 748 2794 cometam,
764 2735 836 2785 modd
868 2735 944 2784 oculis
961 2735 1008 2785 eitd
1026 2752 1075 2784 sese
1089 2736 1243 2785 mbduxiset
1278 2737 1388 2800 Singulas
1398 2738 1500 2797 explica·

206 2810 322 2848 comem
337 2800 397 2847 inter
414 2799 493 2846 Solem
508 2809 532 2848 et
551 2800 672 2848 Tellurem
690 2816 718 2848 ac
734 2801 836 2864 denique
868 2801 944 2848 tiones
952 2815 1006 2864 qun
1016 2801 1041 2848 itt
1056 2801 1110 2848 loco
1119 2801 1158 2849 cit.
1173 2802 1284 2850 idonens.
1301 2802 1375 2849 Puris.
1387 2801 1501 2864 leguntur

208 2864 287 2911 Solem
298 2865 359 2910 inter
368 2873 483 2912 cometamt
497 2873 521 2911 et
538 2865 667 2922 Tellurem,
684 2880 727 2926 pto
737 2867 835 2914 necmi-
868 2879 1002 2925 percio-rere
1012 2863 1107 2929 longiis
1117 2866 1185 2923 foret,
1197 2865 1251 2913 satis
1261 2865 1305 2914 erit
1310 2864 1395 2912 addere
1404 2881 1444 2912 eas
1455 2868 1499 2913 hoc

205 2934 259 2980 tate,
277 2927 379 2974 collocet
417 2925 577 2982 Qui'ratiooe
592 2927 617 2975 id
632 2927 684 2976 fieri
700 2930 773 2989 possit
787 2943 836 2976 non
866 2929 1014 2989 potissimum
1028 2929 1077 2975 line
1085 2929 1307 2992 excogitatasinins
1317 2937 1345 2977 ιιι
1355 2943 1440 2989 nenpe
1450 2944 1498 2976 ser·

204 2994 259 3038 sstis
280 2990 427 3052 intelligitur,
449 2991 492 3037 nisi
516 2993 596 3054 ignota
614 2991 713 3040 omniuo
731 2993 834 3056 fingatur
867 3003 959 3040 varetur
981 3003 1005 3040 et
1027 3010 1042 3040 a
1062 2991 1198 3056 ςηιίιιῑιιιὲ
1215 2995 1343 3058 objectiorm
1362 2992 1499 3041 liberaretur

204 3064 348 3101 cometarum
359 3055 463 3112 theoria;
475 3069 583 3101 concesso
594 3057 657 3103 eninr
668 3056 747 3118 aliquo
758 3071 835 3105 come-
867 3056 981 3104 vorticum
992 3057 1131 3119 hypomesia
1158 3056 1499 3118 Verhmhiserplioetiooibus

204 3127 282 3167 hrum
294 3127 424 3179 systemate,
437 3118 556 3167 distsmiss
567 3119 620 3166 illas
630 3135 672 3180 pro
682 3120 759 3167 lubitu
767 3136 834 3168 usur·
867 3121 1009 3183 caeteroquin
1023 3121 1215 3184 ingeniosissimis
1228 3122 1336 3170 nondum
1346 3130 1425 3169 tamen
1443 3137 1498 3181 pro-

203 3196 259 3242 pare
274 3197 323 3229 non
340 3181 402 3239 licet,
414 3182 455 3229 sed
465 3197 495 3228 es
509 3183 569 3230 datis
582 3192 691 3230 motuum
704 3184 832 3241 elementis,
867 3184 956 3245 positus
975 3184 1028 3231 huis
1045 3184 1143 3233 obtineri
1159 3185 1264 3246 videtum
1280 3187 1341 3234 hanc
1356 3187 1420 3232 enim
1435 3185 1496 3231 diffi-

203 3257 348 3293 caruetsrutn
368 3246 478 3294 ἀίιιιιιιιὶι
495 3256 590 3310 totaque
606 3248 738 3311 trajectoris
757 3247 833 3296 deter-
865 3248 977 3296 cultatem
992 3248 1029 3296 eff
1059 3250 1132 3296 ’entes
1146 3249 1260 3298 ratitum
1270 3251 1369 3312 patroni,
1385 3249 1411 3295 in
1426 3249 1497 3296 aliam

203 3310 330 3358 minantur.
367 3310 407 3358 Sic
426 3310 537 3358 Halleius
558 3310 663 3359 delinivit
679 3310 834 3375 trajectorism
865 3310 996 3360 incurrunt.
1057 3322 1157 3373 porteret
1173 3313 1192 3359 si
1209 3313 1289 3360 uidem
1308 3323 1334 3361 ut
1351 3325 1496 3360 cometarum

202 3384 300 3422 cometa
310 3374 351 3436 qui
362 3375 430 3421 mnis
442 3380 512 3423 1664·
524 3385 548 3423 et
566 3375 762 3437 retemperat.
799 3377 834 3425 Ut
865 3376 963 3424 vortices
973 3376 1050 3436 ipsum
1064 3375 1145 3424 saltent
1157 3328 1260 3425 Telluris
1270 3377 1381 3424 vorticem
1398 3377 1496 3423 intersa-

202 3447 283 3485 sutem
303 3439 464 3500 retrogradum
484 3439 557 3502 hujus
577 3448 674 3487 cometas
691 3448 784 3487 motum
802 3440 832 3489 ad
864 3450 951 3498 went,
962 3439 1026 3503 quod
1036 3441 1087 3488 sine
1097 3440 1210 3488 vorticum
1221 3440 1393 3502 perturbatione
1403 3456 1432 3487 ac
1443 3451 1496 3488 terr-

201 3501 316 3549 directum
334 3503 430 3549 reducat
448 3502 533 3549 clariss.
556 3503 674 3560 casinus,
691 3503 763 3551 talem
777 3504 832 3552 huic
863 3503 1134 3551 demdestructionefieri
1141 3504 1415 3571 posseuonintelligitur.
1428 3505 1496 3551 Alias

202 3563 299 3613 musitae
310 3577 401 3614 motum
412 3567 493 3614 tribuit
500 3567 541 3628 qui
551 3582 607 3614 cum
620 3567 710 3614 Hallaii
721 3577 832 3628 computo
863 3568 1003 3628 hypotheses
1013 3568 1131 3616 linxerunt
1141 3568 1189 3616 alii·
1224 3568 1328 3625 Quidam
1338 3578 1442 3616 cometas
1452 3571 1494 3614 ha·

202 3643 350 3692 nequaquam
360 3630 476 3677 convenit·
512 3630 593 3686 Quem
604 3630 676 3691 probe
687 3641 832 3679 tamencum
865 3633 967 3679 buerunt
976 3641 1087 3695 tanquam
1103 3633 1208 3692 planetas
1218 3648 1266 3680 uon
1276 3631 1338 3680 cuca
1350 3632 1429 3680 Solem
1440 3647 1494 3678 nos·

202 3694 400 3742 observationibus
409 3694 497 3743 theoria
507 3703 628 3757 congruat,
643 3694 744 3742 ostendit
754 3696 832 3743 tabula
863 3703 934 3750 trum
946 3695 987 3742 sed
997 3697 1059 3743 cuca
1068 3697 1141 3743 alium
1151 3696 1216 3744 velut
1226 3706 1332 3744 oentrum
1342 3696 1495 3744 revolventes.

201 3755 333 3816 ριιιίὀιιιιιὲ
341 3758 450 3806 exhibita.
477 3758 592 3814 Quamvis
602 3758 680 3820 itaque
687 3758 832 3821 retrogradus
865 3759 982 3806 Nonnulli
998 3775 1038 3806 eos
1048 3761 1255 3809 habueruntvelut
1269 3759 1377 3808 satellites
1392 3759 1494 3821 planetae

200 3831 344 3869 cometarum
359 3833 438 3868 motus
448 3823 478 3870 sd
489 3821 587 3870 directos
602 3820 724 3885 ingeniosi
734 3832 783 3870 arte
794 3839 830 3870 re-
862 3823 985 3885 cujusdam
1002 3824 1105 3884 primarii
1123 3824 1149 3871 in
1164 3834 1244 3872 nostro
1262 3825 1348 3872 vortice
1363 3823 1492 3882 constituti,

200 3883 294 3931 duruit
306 3885 424 3942 erasinus,
436 3901 484 3933 non
495 3886 519 3933 id
530 3896 608 3934 tantm
616 3887 727 3934 amasse
735 3887 830 3934 arbitra·
862 3887 903 3948 qui
913 3896 991 3936 tamen
1000 3889 1032 3934 ob
1042 3889 1169 3936 marirnsm
1182 3889 1247 3937 illius
1256 3905 1271 3936 a
1281 3889 1348 3937 nobis
1357 3889 1495 3936 distantiam
1568 3888 1575 3902 ‘

199 3961 255 3995 ntur
264 3958 292 3996 ιιι
302 3964 354 3997 eam
365 3949 495 4010 rejiciamus
503 3959 646 3998 cometarum
657 3951 768 3998 theoriam
777 3966 830 4013 qure
862 3952 965 4013 conspici
981 3966 1028 3998 uon
1045 3961 1127 4012 potest,
1142 3952 1174 4000 ia
1185 3963 1212 4000 ut
1222 3963 1319 4001 cometae
1328 3967 1370 4000 seu
1382 3952 1493 3999 satellites

199 4012 359 4070 pronomem
377 4012 481 4073 apprime
502 4014 632 4076 respondet,
655 4023 726 4076 atque
746 4014 829 4061 incerti
861 4030 910 4061 seso
928 4015 993 4062 nobis
1011 4014 1125 4063 durrmxat
1138 4016 1277 4078 conspicuos
1289 4019 1415 4078 prebeant,
1431 4016 1494 4063 dum

199 4074 250 4122 rina
258 4076 307 4124 ulta
317 4075 407 4125 dteorid
417 4092 526 4126 emamus.
558 4077 675 4127 msera
684 4078 756 4126 talem
766 4079 828 4126 crhi-
860 4078 886 4124 iu
898 4078 999 4126 inferiori
1011 4089 1035 4127 et
1047 4080 1149 4128 Telluris
1155 4081 1288 4142 proximiori
1299 4081 1427 4130 orbitarum
1438 4095 1493 4127 sua·

198 4147 248 4186 tam
258 4139 369 4200 predicto
379 4151 475 4190 cometae
486 4143 587 4205 assignat
604 4142 715 4190 Cassinus
725 4152 752 4190 ιιι
762 4141 829 4190 ested
860 4157 914 4189 rum
925 4152 988 4203 parte
998 4155 1125 4190 versantur.
1161 4144 1232 4194 Sada
1244 4142 1401 4193 Newtonianri
1411 4158 1493 4191 crune-

198 4205 280 4250 orbem
289 4220 397 4253 annuum
407 4203 456 4253 sere
465 4220 512 4253 uon
519 4215 626 4254 excurrat
632 4223 640 4266 ;
652 4205 830 4268 quodsiresitrl
860 4214 938 4254 tarum
959 4207 1055 4265 theorici,
1076 4224 1130 4269 qua
1150 4210 1311 4269 phaenomcnis
1331 4217 1490 4256 consentanea

198 4282 224 4315 sa
234 4267 335 4325 haberet,
346 4271 385 4318 hic
395 4279 487 4318 mntem
496 4271 522 4316 in
533 4281 683 4332 conspectum
694 4268 741 4317 citd
748 4270 828 4318 rediis-
860 4280 902 4327 eat,
914 4286 1061 4333 nequaquam
1072 4286 1115 4318 nos
1125 4286 1242 4320 removere
1252 4273 1337 4321 debent
1351 4273 1493 4334 hypotheses

198 4341 241 4388 set,
257 4342 359 4379 cometas
373 4333 435 4381 enim
449 4332 481 4380 ad
495 4334 621 4381 maximam
630 4335 725 4398 quoque
740 4333 829 4382 dinan·
860 4333 908 4380 illae
918 4350 971 4397 quae
981 4350 1033 4382 earu
1044 4334 1159 4383 dunmmt
1172 4339 1203 4384 oh
1217 4352 1312 4385 csumm
1322 4337 1439 4384 subtiliter
1452 4338 1493 4383 in·
1509 4376 1512 4381 .

197 4395 256 4441 tiam
274 4396 411 4455 conspicuos
428 4412 479 4444 esse
493 4407 582 4445 condat
598 4413 627 4446 ax
644 4397 738 4446 defectu
752 4398 827 4458 paral·
860 4407 935 4447 ssstae
951 4411 1007 4446 sunt
1026 4409 1053 4445 ιιι
1070 4410 1199 4447 servaretur
1216 4401 1330 4448 vorticum
1347 4401 1491 4461 hypothesis,

197 4457 284 4506 laneos·
319 4460 370 4506 Nec
381 4461 479 4508 feliciori
489 4476 597 4509 suceemu
608 4462 639 4509 sd
650 4471 741 4509 motum
752 4461 828 4509 direc-
859 4475 930 4522 quam
949 4462 1005 4508 aliis
1018 4465 1099 4510 multis
1117 4464 1293 4512 difficultatibus
1310 4466 1384 4525 premi
1403 4466 1491 4525 panim

195 4531 249 4569 tum
269 4522 351 4570 reduci
372 4540 439 4584 posse
463 4525 555 4573 videtur
576 4537 654 4573 motus
679 4525 828 4589 retrogradus
859 4525 1010 4573 ostendimus.
1047 4528 1164 4574 Caeterum
1173 4527 1286 4591 quidquid
1296 4528 1326 4576 de
1336 4525 1381 4575 nte
1392 4527 1491 4577 meent

196 4596 294 4634 cometre
304 4603 341 4634 nn.
359 4593 427 4635 1680.
453 4589 516 4636 Nsm
528 4598 610 4649 prater
619 4588 690 4652 quim
701 4590 765 4651 quod
775 4605 826 4637 orn·
859 4587 968 4643 diximus,
980 4599 1004 4636 et
1013 4589 1070 4650 ipsa,
1081 4604 1151 4651 prout
1162 4593 1228 4638 nobis
1239 4594 1315 4639 risum
1325 4601 1368 4649 est,
1385 4593 1419 4639 rei
1430 4594 1489 4639 reri-

196 4663 252 4697 nem
263 4661 406 4698 cometarum
417 4652 528 4700 theoriam
539 4653 599 4700 fictis
609 4654 639 4700 ad
650 4655 772 4701 arbitrium
781 4655 826 4716 hy·
859 4661 894 4700 tas
904 4665 928 4701 et
938 4664 1148 4704 commentatorum
1164 4655 1269 4704 officium
1279 4672 1295 4703 a
1307 4656 1375 4705 nobis
1384 4656 1491 4720 praeuale-

195 4715 329 4773 pothesibus
339 4716 410 4762 everti
421 4731 514 4764 uerene
523 4716 560 4770 sit,
572 4718 598 4763 in
608 4717 760 4777 explicatione
769 4718 827 4767 cn·
858 4717 921 4765 bant

196 4777 242 4823 sini
263 4779 398 4840 gravissima
425 4780 525 4828 occurrit
545 4780 669 4830 dffiuuas
689 4783 758 4844 qu'us
778 4782 827 4830 sim
