3374 5774
201 491 315 556 Lmen
327 487 507 570 Taurios]
544 486 786 552 PRINCIPIA
818 487 1190 555 MATHEMATICA.
1431 502 1496 562 195

201 663 265 727 hoc
294 620 371 726 orbe
398 685 419 725 a
447 660 585 726 Bradleo
614 671 803 743 computata,
834 671 867 724 et
889 682 962 724 cum
986 661 1063 726 locis
1088 684 1108 725 a
1126 662 1235 746 seipso'
1250 673 1282 726 et
1303 675 1418 748 patruo
1437 686 1495 730 suo

198 771 244 838 D.
273 771 430 849 Poundio,
457 781 490 834 et
512 792 533 833 a
557 769 601 834 D.
628 768 759 834 Halleio
781 770 953 837 observatis
978 771 1091 836 collata
1116 772 1304 838 exhibentur
1327 774 1362 838 in
1385 773 1492 838 tabuld

195 893 355 969 sequente.

309 1091 378 1136 1797.
469 1088 560 1136 Comet.
571 1087 648 1150 Long.
676 1089 729 1136 Lat.
742 1089 798 1135 Bor.
833 1088 1008 1152 CometLoug.

234 1152 340 1212 Tempus
355 1140 451 1213 Equat
496 1152 617 1198 observat.
681 1153 801 1200 observat.
864 1152 974 1212 Comput.

245 1985 306 2031 Noa.
323 1985 346 2029 5.
376 1987 399 2030 5.
412 1989 444 2030 58

324 2050 346 2091 8.
376 2051 399 2093 7.
428 2051 444 2093 6

309 2114 346 2155 14.
375 2115 444 2156 690

308 2179 346 2220 90.
376 2177 399 2221 7.
413 2178 443 2220 45

236 2240 293 2285 Dec.
323 2242 347 2284 7.
376 2244 399 2286 6.
413 2241 444 2284 45
538 2269 544 2283 .

241 2398 304 2462 His
318 2399 470 2484 exemplis
485 2399 612 2464 abunde
628 2401 707 2466 satis
722 2401 923 2468 manifestum
938 2416 995 2480 est,
1011 2399 1096 2486 quod
1110 2412 1213 2462 motus
1229 2411 1420 2462 cometarum
1433 2421 1491 2483 per

127 2503 129 2507 ’
197 2504 351 2569 theoriam
365 2530 385 2570 a
398 2507 489 2571 nobis
504 2509 682 2592 expositam
704 2531 769 2572 uon
783 2510 887 2573 minus
903 2507 1047 2573 accurate
1060 2505 1257 2582 exhibentur,
1280 2503 1373 2590 qudrn
1391 2504 1491 2568 solent

195 2626 298 2678 motus
312 2615 509 2699 planetarum
524 2640 583 2702 per
596 2639 705 2681 eorum
719 2615 866 2682 theorias.
905 2619 942 2704 (¹)
955 2617 998 2682 Et
1011 2612 1177 2700 proptered
1192 2614 1283 2677 orbes
1299 2625 1491 2677 cometarum

195 2745 254 2808 per
275 2722 357 2787 hanc
378 2724 533 2789 theoriam
554 2726 732 2791 enumerari
753 2737 895 2811 possunt,
912 2737 944 2790 et
958 2739 1081 2810 tempus
1095 2722 1290 2807 periodicum
1305 2734 1435 2786 cometa*
1456 2721 1490 2784 in

142 2856 144 2860 ’
196 2829 338 2916 quolibet
349 2831 426 2895 orbe
437 2832 625 2897 revolventis
637 2833 765 2898 tandem
780 2834 862 2911 sciri,
879 2845 910 2898 et
924 2846 992 2897 tum
1006 2832 1133 2896 demum
1148 2830 1272 2895 orbium
1282 2829 1490 2916 ellipticorum

195 2937 294 3002 latera
307 2950 486 3004 transversa
500 2951 532 3003 et
546 2940 743 3025 apheliorum
758 2940 936 3005 altitudines
951 2939 1154 3002 innotescent.

241 3048 374 3115 'Cometa
394 3049 606 3136 retrogradus,
630 3050 686 3136 qui
707 3049 851 3134 apparuit
865 3071 948 3113 auno
966 3055 1059 3126 1607,
1082 3045 1245 3130 descripsit
1259 3045 1378 3122 orbem,
1402 3045 1514 3128 cujusq

195 3157 299 3220 nodus
323 3158 494 3222 ascendens
519 3165 735 3244 (computante
758 3159 899 3241 Halleio)
923 3159 1045 3223 eratin
1073 3167 1093 3220 u
1123 3165 1198 3222 20⁸¹.
1221 3158 1301 3231 21'.;
1330 3153 1490 3217 inclinatio

194 3261 282 3346 plani
293 3261 379 3326 orbis
390 3262 431 3325 ad
441 3262 571 3347 planum
582 3264 736 3349 ecliptieae
747 3277 815 3328 erat
829 3272 902 3334 17⁸¹.
914 3266 968 3338 223
982 3261 1168 3347 perihelium
1181 3271 1248 3323 erat
1262 3259 1295 3322 in
1305 3268 1339 3313 x:
1353 3265 1405 3321 2⁸¹.
1421 3259 1490 3334 16'.;

127 3408 132 3419 ·
195 3381 228 3436 et
253 3369 399 3435 distantia
425 3372 578 3456 perihelia
603 3396 623 3436 a
649 3373 724 3438 Sole
747 3385 815 3435 erat
840 3381 956 3449 58680,
983 3372 1135 3434 existente
1160 3369 1249 3432 radio
1274 3368 1360 3432 orbis
1381 3366 1488 3454 magni

201 3484 338 3540 100000.
383 3476 427 3540 Et
442 3489 563 3540 cometa
578 3488 645 3540 erat
660 3477 693 3539 in
707 3476 860 3561 perihelio
878 3473 1212 3540 Octob.1o‘¹.a¹².50'.
1260 3473 1416 3559 Congruit
1436 3472 1488 3534 hic

195 3581 282 3646 orbis
313 3581 551 3667 quamproxime
580 3604 652 3646 cum
682 3583 758 3647 orbe
788 3595 927 3660 comede,
955 3581 1009 3667 qui
1038 3581 1183 3666 apparuit
1208 3586 1407 3644 00001689.
1454 3579 1487 3643 Si

195 3702 328 3754 cornetae
348 3689 382 3752 hi
404 3688 469 3753 duo
489 3688 605 3754 fuerint
625 3712 706 3754 unus
722 3702 753 3754 et
767 3689 860 3767 idem,
883 3688 1059 3752 revolvetur
1073 3687 1125 3750 hic
1140 3697 1260 3750 cometa
1275 3685 1375 3769 spatio
1389 3705 1488 3747 anno·

195 3819 267 3863 rum
291 3805 343 3876 75,
368 3799 406 3883 (⁸)
430 3810 462 3863 et
483 3799 551 3862 axis
573 3800 672 3885 major
692 3798 776 3863 orbis
792 3799 857 3883 ejus
872 3798 932 3862 erit
945 3797 986 3861 ad
1000 3817 1090 3860 axem
1105 3794 1256 3880 majorem
1270 3791 1355 3856 orbis
1369 3791 1485 3878 magni,

196 3917 230 3970 ut
252 3907 284 3969 11
303 3927 321 3969 0
341 3923 351 3971 :
375 3912 415 3973 75
440 3917 466 3971 ><
490 3912 530 3973 75
554 3905 595 3968 ad
619 3914 647 3984 1,
675 3928 731 3970 seu
759 3911 840 3974 1778
868 3905 909 3969 ad
936 3913 997 3968 100
1021 3903 1152 3967 circiter.
1209 3900 1248 3986 (b)
1276 3899 1320 3964 Et
1342 3899 1489 3963 distantia

195 4015 321 4100 aphelia
335 4027 467 4080 cometae
481 4016 574 4101 hujus
588 4039 608 4080 a
624 4017 707 4094 Sole,
720 4017 780 4081 erit
793 4017 834 4080 ad
848 4016 1026 4080 distantiam
1040 4014 1230 4079 mediocrem
1242 4011 1353 4077 Terrae
1367 4034 1387 4074 a
1403 4011 1486 4092 Sole,

195 4135 232 4188 ut
250 4133 291 4189 85
307 4124 348 4187 ad
365 4133 379 4187 1
399 4125 531 4189 circiter.
578 4125 614 4210 (⁶)
632 4125 756 4201 Quibus
772 4125 914 4212 cognitis,
924 4123 1015 4218 *haud
1030 4121 1153 4186 difficile
1167 4119 1262 4185 fiterit
1275 4117 1385 4184 orbem
1398 4117 1488 4202 ellip-

227 4295 265 4359 (¹)
284 4298 297 4327 ”
317 4297 350 4344 Et
366 4295 495 4357 prmrtered.
536 4294 663 4352 Quomodd
679 4297 729 4344 hoec
748 4295 828 4344 omnia
862 4301 915 4354 100,
932 4311 960 4343 ac
975 4291 1073 4355 proinde
1086 4291 1195 4341 distantia
1210 4288 1365 4353 epheliaquoe
1375 4286 1488 4362 011111110-

197 4358 245 4406 fieri
257 4359 353 4419 possint,
365 4360 434 4417 variis
444 4359 560 4408 methodis
570 4359 641 4421 suprd
651 4361 809 4422 exposuimus.
859 4361 934 4408 rentia
954 4360 1015 4406 inter
1035 4371 1104 4405 axem
1130 4357 1242 4419 majorem
1262 4354 1344 4400 orbitae
1369 4363 1488 4399 comeucoe

229 4422 263 4487 (¹)
276 4426 290 4454 ·
303 4426 338 4472 Et
353 4426 402 4471 ocis
418 4424 492 4484 major
507 4426 569 4472 orbis
585 4430 635 4487 eius
654 4429 699 4473 erit
713 4425 743 4472 ad
759 4440 828 4472 arem
861 4428 924 4472 1778
935 4421 1098 4471 etdistautiam
1110 4417 1488 4481 periheliam29,eritearumdem

195 4488 308 4549 maJ'orem
328 4489 390 4534 orbis
407 4488 488 4550 magni
505 4498 533 4535 ut
550 4490 616 4536 radix
633 4490 715 4538 cubica
733 4490 826 4536 numeri
858 4491 959 4550 partium
969 4491 1041 4545 1749,
1058 4481 1159 4548 ideoque
1169 4482 1278 4530 distantia
1288 4481 1379 4541 aphelia
1393 4489 1489 4527 cometae

196 4555 226 4599 75
240 4557 267 4608 Χ
281 4551 352 4599 75811
367 4558 376 4598 l
391 4551 471 4614 (172)·
858 4553 930 4615 hujus
940 4568 955 4598 a
968 4550 1021 4597 Sole
1029 4546 1252 4597 eritaddistantiam
1260 4545 1400 4592 mediocrem
1409 4544 1488 4614 Terrae

227 4614 262 4677 (¹²)
273 4617 286 4644 ⁸
297 4618 329 4664 Et
341 4618 450 4664 distentio
462 4618 559 4676 aptatio„
591 4618 710 4672 Quoniam
719 4616 828 4665 distantia
859 4632 874 4662 a
892 4617 945 4663 Sole
961 4624 988 4662 ut
1006 4618 1068 4663 1749
1084 4613 1115 4660 ad
1131 4618 1170 4669 29,
1182 4611 1227 4658 hoc
1242 4607 1487 4666 0010155101οΨ

195 4678 305 4738 perihelia
323 4689 421 4726 comatre
439 4696 454 4726 a
474 4681 527 4726 Sole
546 4689 594 4726 erat
609 4687 696 4738 68680,
712 4683 826 4728 existente
857 4680 921 4727 citer.

197 4743 261 4789 radio
278 4743 340 4789 orbis
356 4743 436 4805 magni
455 4749 549 4790 100000
565 4745 699 4791 eriteadem
716 4745 825 4792 distantia
890 4743 924 4805 (⁰)
949 4746 961 4774 ⁸
988 4745 1076 4798 Quium
1097 4741 1200 4802 cognitis.
1247 4738 1307 4803 (Per
1330 4737 1398 4784 Pron.
1424 4733 1486 4782 XX.

195 4805 304 4864 perihclia
315 4814 354 4866 29,
371 4807 461 4855 circiter
472 4808 584 4855 existente
594 4809 659 4855 radio
673 4809 734 4856 orbis
744 4809 826 4871 magui
858 4807 911 4858 Lib.
925 4807 966 4868 1.).
