3374 5774
198 451 259 511 166
499 436 838 508 PHILOSOPHLAE
860 430 1132 502 NATURALIS
1161 428 1367 512 [DrMuun.
1381 430 1477 496 Susa.

194 615 248 700 qui
260 634 298 676 er
311 610 348 675 ed
362 612 456 675 eaioit
469 613 558 674 ualde
571 613 669 674 elanus
683 618 713 672 et
726 608 814 690 quasi
827 605 932 690 irtgerts
945 604 1029 668 trabs
1042 605 1086 666 ad
1098 603 1241 664 orientem
1255 609 1285 663 et
1306 600 1479 682 aquilonem

192 717 343 794 tendebat,
369 729 405 781 ut
426 716 521 780 habet
545 717 637 781 etiam
661 713 814 779 Herelius
837 733 878 776 ex
905 709 1050 775 Simeone
1072 707 1280 773 Dunelmensi
1303 705 1479 770 Monaoho.

195 822 353 907 Apparuit
366 822 455 885 initio
468 822 584 885 mensis
600 819 771 897 Februarii,
787 839 824 882 ac
837 817 982 900 deinceps
997 816 1079 879 circa
1090 835 1261 899 vesperam,
1277 812 1318 876 ad
1331 835 1479 877 oceasum

200 928 283 994 Solis
304 927 485 992 brumalem.
530 926 609 991 Inde
631 924 706 991 verb
720 937 753 989 et
765 947 806 991 ex
820 926 881 989 situ
895 923 1004 989 caudae
1018 922 1173 1009 colligitur
1187 934 1282 1005 caput
1295 920 1389 985 fuisse
1411 920 1479 987 Soli

194 1034 341 1098 vicinum.
396 1035 427 1097 A
441 1036 518 1110 Sole,
533 1033 634 1118 inquit
650 1031 821 1096 Matthaeus
837 1030 1029 1107 Parisiensis,
1045 1030 1178 1093 distabat
1193 1029 1280 1111 quasi
1293 1027 1392 1091 cubito
1405 1048 1476 1105 uno,

193 1144 233 1208 ah
252 1142 329 1207 horti
350 1142 443 1207 tertid
466 1139 593 1225 (sentiris
608 1139 708 1220 sexti)
730 1161 820 1224 usque
833 1141 876 1203 ad
888 1141 993 1202 loram
1007 1159 1117 1201 nouom
1129 1137 1250 1199 radium
1264 1157 1301 1199 eo
1314 1157 1345 1199 se
1358 1137 1479 1219 longum

194 1253 338 1316 emittens.
369 1249 457 1315 Talis
471 1251 565 1314 etiam
579 1261 646 1313 erat
660 1248 891 1313 ardentissimus
905 1248 957 1311 ille
971 1259 1091 1312 cometa
1104 1245 1145 1309 ab
1160 1244 1329 1309 Aristotele
1340 1243 1480 1329 descrip-

193 1369 246 1422 tus
258 1357 332 1423 Lib.
349 1357 376 1422 l.
393 1356 529 1421 Meteor.
545 1355 615 1434 Vl„
630 1354 711 1440 cuju
725 1364 816 1438 capud
830 1357 933 1437 primo
947 1356 998 1418 die
1011 1375 1072 1416 non
1086 1360 1267 1434 conspedmm
1282 1360 1334 1427 est,
1351 1373 1385 1420 eo
1399 1355 1480 1434 quod

193 1477 265 1531 ante
289 1469 385 1532 &mm
407 1469 454 1531 vel
476 1469 581 1531 1611111
604 1466 657 1530 stud
680 1467 781 1529 radiis
802 1464 950 1528 solaribus
972 1465 1134 1538 occidisset,
1160 1469 1297 1543 sequente
1327 1456 1396 1523 verb
1426 1462 1478 1526 die

195 1587 339 1661 qtmntum
354 1579 459 1658 potuit
479 1577 573 1639 viarm
593 1585 647 1639 est.
691 1574 774 1636 Nom
788 1594 876 1657 quam
890 1572 1097 1652 minimofleri
1104 1578 1205 1651 potest
1219 1569 1368 1631 distantia
1383 1568 1478 1631 &lem

198 1686 334 1769 reliquit,
350 1693 380 1747 et
393 1704 461 1746 mon
474 1683 615 1746 ambiit.
648 1681 696 1748 Ob
708 1683 831 1745 nimium
846 1683 984 1744 ardorem
999 1679 1121 1764 (cauda
1134 1677 1261 1756 scilicet)
1277 1679 1407 1740 nondum
1421 1699 1478 1759 ap-

191 1790 323 1874 parebat
342 1791 454 1881 capitis
473 1809 593 1870 marsus
614 1789 704 1871 ignis,
722 1789 775 1852 sed
789 1790 970 1869 procedente
983 1796 1114 1868 tmupore
1133 1785 1190 1870 (ait
1203 1782 1399 1863 Anstoteles)
1413 1781 1479 1847 caim

196 1897 321 1983 (made)
335 1896 406 1979 jam
427 1898 524 1960 minua
535 1898 704 1982 flagraret,
729 1897 852 1960 reddita
876 1906 920 1960 est
936 1893 1055 1978 (capiti)
1076 1904 1194 1958 cometa
1213 1914 1268 1956 sua
1277 1893 1388 1976 facien
1431 1895 1480 1956 Et

195 2009 379 2089 splendorem
399 2027 481 2070 uuum
501 2007 546 2069 ad
565 2007 686 2070 tertiam
707 1976 879 2088 usqueboeli
886 2014 1009 2087 partem
1031 2002 1078 2088 (id
1091 2016 1146 2081 est,
1162 2002 1204 2065 ad
1219 2002 1308 2082 60³¹.)
1333 2005 1477 2066 ostendit.

197 2115 356 2198 Apparuit
376 2124 475 2179 mdem
495 2124 626 2196 tempore
638 2114 768 2198 tipherno
790 2113 1045 2199 (am4.01ymp.
1064 2114 1149 2193 101.)
1170 2122 1200 2176 et
1216 2115 1378 2176 mceudens
1391 2134 1482 2195 usque

195 2226 238 2286 ad
257 2225 407 2307 cingulum
428 2223 553 2286 Orionis
574 2223 619 2286 ibi
641 2225 772 2287 euanuit.
819 2223 950 2287 Cometa
974 2222 1026 2286 ille
1048 2222 1122 2286 anni
1149 2230 1241 2300 1618,
1266 2223 1320 2308 qui
1343 2245 1361 2286 e
1387 2222 1482 2287 radiis

197 2329 349 2394 solaribus
371 2329 606 2393 caudatissimus
628 2331 761 2408 emersit,
786 2329 889 2394 stellas
910 2330 1021 2413 primae
1041 2329 1263 2417 magnitudinis
1284 2351 1411 2415 aequare
1432 2330 1483 2394 vel

199 2437 294 2524 paulo
309 2461 456 2524 superare
470 2439 643 2517 videbatur,
666 2439 720 2503 sed
742 2440 875 2524 majores
894 2460 1066 2522 apparuere
1081 2453 1211 2503 cometae
1224 2461 1289 2502 non
1303 2439 1406 2522 pauci,
1429 2439 1484 2523 qui

199 2548 314 2612 mudas
329 2548 485 2612 breviores
499 2548 646 2612 habuere.
690 2548 821 2612 Horum
835 2545 930 2633 aliqui
944 2547 1064 2625 lovem,
1087 2547 1140 2610 alii
1154 2547 1310 2610 Venerem
1324 2546 1374 2610 vel
1389 2546 1482 2609 etiam

198 2652 324 2718 Lunam
338 2676 477 2738 aequasse
495 2653 670 2717 traduntur.

243 2756 282 2842 (¹¹)
294 2759 442 2823 Diximus
457 2770 592 2822 cometas
607 2766 675 2822 esse
688 2780 788 2845 genus
802 2757 999 2843 planetarum
1012 2757 1046 2823 in
1059 2759 1188 2823 orbibus
1202 2757 1293 2822 valde
1304 2758 1484 2822 eccentricis

201 2864 283 2928 circa
306 2865 409 2930 Solem
431 2865 662 2930 revolventium.
716 2865 761 2931 Et
780 2865 1044 2952 quemadmodum
1064 2888 1083 2930 e
1103 2865 1236 2950 planetis
1257 2886 1323 2927 non
1344 2865 1485 2932 caudatis

198 2977 334 3040 minores
356 2999 425 3042 esse
440 2978 549 3054 solent,
573 2979 627 3063 qui
646 2978 678 3041 in
693 2977 820 3042 orbibus
834 2977 1007 3041 minoribus
1022 2988 1054 3041 et
1071 2977 1135 3041 soli
1149 2974 1348 3060 propioribus
1369 2996 1485 3060 gyran-

198 3096 259 3162 tur,
283 3084 327 3148 sic
349 3084 441 3148 etiam
457 3098 602 3162 cometas,
627 3088 679 3171 qui
700 3088 734 3149 in
748 3086 905 3171 periheliis
921 3087 985 3151 suis
999 3086 1039 3150 ad
1055 3087 1161 3151 Solem
1173 3082 1305 3171 propiis
1320 3083 1482 3161 accedunt,

199 3203 235 3255 ut
248 3191 418 3275 plurimum
431 3192 567 3256 minores
582 3215 659 3270 esse,
673 3215 717 3263 ,ne
733 3194 838 3258 Solem
852 3195 1036 3259 attractione
1051 3195 1106 3258 sui
1120 3195 1213 3258 aunis
1228 3193 1354 3279 agitent,
1370 3192 1483 3255 rationi

199 3310 441 3377 consentaneum
462 3299 594 3364 videtur.
639 3299 672 3383 (¹)
697 3300 832 3365 Orbium
853 3299 928 3364 verb
949 3313 1137 3365 transversas
1159 3301 1326 3364 diametros
1342 3310 1374 3362 et
1396 3320 1482 3362 revo-

198 3406 352 3473 lutionum
372 3421 514 3493 tempora
534 3408 701 3495 periodica,
724 3433 766 3475 ex
780 3409 944 3475 collatione
959 3423 1148 3475 cometarum
1169 3409 1202 3472 in
1223 3407 1333 3473 iisdem
1353 3407 1483 3472 orbibus

233 3660 269 3726 (¹)
284 3665 336 3712 171.
350 3667 363 3695 ⁸
375 3665 484 3713 Dirimant
494 3673 593 3714 commas
602 3665 654 3713 esse'
660 3681 734 3727 genus
745 3669 827 3728 plane·
858 3666 1019 3715 animadvertit
1035 3666 1120 3715 clamas.
1141 3665 1252 3715 Cassinus
1273 3664 1298 3712 in
1318 3665 1389 3714 Mon.
1408 3665 1481 3712 Paris.

201 3735 287 3782 tarum.
300 3727 370 3789 idque
380 3729 656 3789 gravissimisrationibus
666 3731 824 3778 confirmatur.
861 3737 930 3780 1699·
942 3743 1055 3780 usmetum
1071 3731 1165 3778 dirmis
1181 3730 1323 3791 temporibus
1338 3733 1486 3778 obsesrmum

204 3787 259 3836 Hac
278 3790 340 3836 enim
359 3791 419 3838 lacti
440 3792 560 3852 hypothesi
581 3793 764 3856 computatisque
785 3810 826 3854 per
857 3793 957 3857 ideisque
973 3810 1014 3855 pro
1032 3794 1123 3841 duobus
1141 3795 1237 3842 cometis
1250 3804 1395 3854 usurpatum,
1407 3808 1486 3840 unum

203 3853 323 3900 methodos
343 3855 497 3913 precedentes
520 3866 663 3903 cometarum
685 3858 825 3919 trejectoriis,
858 3858 1063 3920 eundemqueesse
1073 3874 1147 3918 posse,
1155 3859 1208 3906 licat
1215 3872 1263 3905 non
1271 3857 1411 3906 oomenisnt
1420 3859 1483 3904 inter

203 3917 337 3979 hujusmodi
353 3919 486 3980 trajectoriae
497 3935 588 3980 semper
598 3935 652 3967 cum
667 3923 826 3980 phaenomenis
858 3937 883 3968 se
893 3922 973 3969 omnia
983 3932 1091 3969 motuum
1102 3923 1232 3980 elementa;
1248 3921 1297 3969 lieri
1309 3921 1395 3968 seilicet
1409 3930 1488 3982 potest

202 3991 336 4042 congruunt
346 3983 520 4043 quamproxime
535 3984 618 4031 clarita
634 3985 828 4045 Halleiussuspi·
861 3994 888 4034 ut
909 4002 971 4033 unus
992 3985 1101 4049 idemque
1117 3998 1208 4034 comma
1227 3986 1264 4033 bis
1284 3988 1417 4032 observatus
1439 3998 1488 4031 non

202 4055 269 4092 estur
283 4054 397 4092 comeum
413 4062 451 4094 an.
468 4053 535 4095 1551.
550 4051 579 4095 ab
597 4049 708 4109 Appiano
723 4052 827 4097 observa·
859 4060 921 4098 secet
935 4050 1064 4110 ecliptioam
1074 4053 1118 4098 sub
1128 4053 1209 4098 eodem
1220 4049 1307 4111 angulo
1323 4059 1347 4096 et
1362 4049 1388 4095 in
1403 4047 1487 4095 iisdem

203 4108 384 4183 tumgeundem
402 4109 474 4158 luisse
491 4127 546 4158 eum
563 4111 604 4158 illo
615 4111 661 4175 vqui
679 4128 741 4160 anno
757 4117 826 4162 1607.
859 4113 924 4171 locis,
942 4124 969 4161 ut
980 4124 1076 4161 cometae
1091 4114 1162 4175 hujus
1172 4114 1280 4161 velocitas
1291 4113 1314 4158 in
1325 4109 1487 4175 perigaeo'non

204 4171 333 4233 detemptus
347 4181 383 4220 est
398 4188 412 4220 a
429 4174 532 4234 Keplero
546 4185 569 4224 et
586 4176 789 4238 Longomontauo,
805 4187 830 4226 et
861 4178 892 4225 sit
912 4177 1000 4225 eadem.
1048 4178 1144 4226 Talibus
1164 4179 1228 4225 enim
1253 4177 1369 4224 erroribus
1389 4176 1489 4237 aliisque

204 4249 274 4296 quem
294 4236 404 4284 Helleius
422 4236 471 4298 ipse
488 4239 624 4287 redeuntem
646 4242 773 4288 observavit
789 4257 826 4288 an.
861 4242 968 4302 plurimis
985 4242 1055 4289 Luna
1070 4251 1106 4288 est
1120 4242 1227 4289 obnoxia.
1264 4242 1382 4288 Ceterum
1398 4239 1486 4286 clariss.

208 4302 277 4373 1666.
290 4299 435 4361 quadrabant
445 4301 507 4348 enim
519 4305 635 4351 elementa
642 4305 728 4362 omnia,
736 4305 830 4367 solaque
863 4306 973 4353 Halleius
989 4306 1112 4368 diligenter
1128 4305 1246 4366 perpensis
1267 4305 1369 4350 motibus
1390 4311 1489 4349 comma

205 4362 351 4421 periodorum
358 4365 621 4428 inequalitasadversari
628 4368 755 4416 videbatur.
781 4371 828 4417 Ve-
861 4385 899 4418 an.
918 4376 986 4418 1682.
1004 4371 1076 4433 hujus
1094 4379 1191 4418 cometa
1211 4369 1313 4417 reditum
1331 4382 1395 4414 anno
1416 4371 1485 4416 1758·

207 4423 260 4499 rium
268 4435 331 4473 tanta
343 4423 389 4474 nhn
397 4430 443 4476 luit
454 4429 597 4491 inaequalitas
604 4431 643 4478 illa
653 4432 761 4479 utcausis
771 4435 829 4495 phy·
864 4433 970 4481 futurum
981 4450 1029 4481 esso
1040 4432 1152 4493 praelim

207 4503 260 4536 mors
269 4490 366 4563 quorihi
378 4507 425 4539 non
436 4493 512 4554 possit.
550 4495 643 4542 Saturni
654 4497 717 4543 euim
729 4507 806 4544 motus
816 4514 831 4544 a
896 4497 927 4561 (¹)
945 4501 959 4530 ⁸
973 4501 1068 4548 Orbium
1079 4498 1130 4546 ueri
1141 4502 1280 4546 transuersos
1290 4497 1412 4543 diametros
1422 4501 1444 4542 et
1452 4506 1489 4538 ra-

207 4564 296 4600 tateris
311 4555 443 4614 planetiset
458 4558 679 4617 praesertimalove
693 4560 726 4607 ita
741 4571 831 4620 pertur-
868 4564 1009 4611 solutionum
1024 4571 1126 4624 temporo
1139 4563 1262 4622 periodica.
1295 4559 1358 4606 Hac
1374 4554 1490 4605 duoobti-

206 4617 276 4664 betur
294 4627 321 4664 ut
337 4633 378 4678 per
396 4620 484 4683 aliquot
498 4621 549 4669 dies
561 4621 663 4685 integros
678 4623 791 4671 insertum
804 4625 834 4671 sit
867 4626 917 4672 neri
935 4634 1032 4687 possum
1051 4631 1093 4688 p'er
1106 4623 1243 4673 methodum
1259 4637 1326 4671 uum.
1347 4627 1398 4672 tou
1418 4633 1493 4682 ²¹9⁰·

206 4680 279 4748 hujus
287 4682 386 4746 planete
397 4692 489 4747 tempus
498 4685 649 4748 periodicum.
678 4687 833 4738 Reatietiam
864 4690 939 4739 sitam.
