3374 5774
132 487 241 550 Lrasn
257 484 436 565 Tausius]
481 483 719 550 PRINCIPIA
742 482 1108 549 MATHEMATICA.
1357 497 1393 553 31

130 668 248 720 tentum
272 652 1390 731 kaPDxAz,etPKxPHxAzuthxPDx

131 766 162 827 A
177 767 203 828 Z
218 788 269 850 qu.
285 765 386 841 idest,
401 776 437 827 ut
450 786 521 827 area
539 765 565 826 P
580 764 613 827 D
627 763 649 826 d
665 763 704 826 M
718 775 750 826 et
765 763 795 826 A
812 763 838 825 Z
852 784 903 846 qu.
919 761 1115 846 conjunctim.
1160 760 1202 835 Q.
1218 786 1245 825 a.
1260 765 1291 826 d.

173 871 270 932 Corol.
287 878 318 932 t.
364 870 402 933 In
417 867 488 932 data
504 868 610 954 quavis
625 868 778 931 nodorum
789 868 950 951 positione,
966 879 1067 929 motus
1080 866 1221 929 horarius
1235 869 1398 934 mediocris

129 990 176 1040 est
198 977 332 1041 semissis
356 976 459 1040 mottis
474 976 590 1040 horarii
614 977 647 1038 in
672 975 803 1062 syzygiis
819 974 929 1049 Lunae,
955 972 1087 1059 ideoque
1102 985 1149 1036 est
1170 974 1210 1036 ad
1234 977 1301 1038 16'‘.
1318 979 1397 1041 35‘''.

133 1085 201 1150 16¹'.
218 1094 281 1150 36'.
296 1097 332 1148 ut
346 1085 530 1170 quadratum
545 1085 629 1146 sinus
643 1084 798 1146 distantiae
812 1082 967 1145 nodorum
981 1104 1000 1145 a
1015 1082 1145 1168 syzygiis
1160 1081 1201 1144 ad
1215 1082 1397 1167 quadratum

129 1191 217 1267 radii,
241 1191 304 1254 sive
325 1201 361 1253 ut
383 1191 414 1252 A
430 1191 456 1253 Ζ
478 1213 529 1275 qu.
551 1190 592 1252 ad
614 1189 646 1253 A
660 1189 692 1252 T
714 1211 764 1273 qu.
809 1188 892 1251 Nam
914 1189 940 1250 si
963 1188 1055 1251 Luna
1066 1187 1211 1251 uniformi
1226 1211 1296 1252 cum
1311 1202 1397 1254 motu

129 1298 322 1382 perambulet
343 1300 583 1362 semi-circulum
606 1299 639 1374 Q
654 1300 684 1362 A
699 1323 729 1384 q,
753 1322 873 1362 summa
894 1301 1033 1364 omnium
1054 1323 1195 1365 arearum
1218 1301 1245 1365 P
1261 1302 1293 1365 D
1308 1301 1330 1363 d
1347 1299 1396 1377 M,

129 1429 191 1491 quo
205 1419 344 1490 tempore
360 1407 451 1470 Luna
465 1407 568 1492 pergit
589 1430 608 1468 a
629 1407 661 1482 Q
676 1406 716 1469 ad
732 1407 781 1484 M,
798 1408 856 1471 erit
870 1429 942 1471 area
964 1408 997 1482 Q
1012 1407 1051 1472 M
1065 1408 1087 1470 d
1103 1408 1132 1471 E
1153 1430 1223 1494 quae
1237 1408 1277 1471 ad
1292 1408 1398 1471 circuli

129 1527 306 1601 tangentem
330 1515 408 1591 QE
434 1515 633 1589 terminatum
657 1526 688 1577 et
712 1537 775 1599 quo
797 1527 936 1598 tempore
952 1516 1044 1579 Luna
1058 1515 1181 1602 attingit
1194 1528 1344 1598 punctum
1365 1538 1388 1578 n

129 1643 249 1683 summa
262 1621 315 1682 issa
329 1621 388 1682 erit
401 1641 473 1682 area
487 1630 551 1682 tota
573 1620 602 1683 E
618 1619 651 1693 Q
666 1620 696 1681 A
710 1641 732 1681 n
754 1642 846 1704 quam
861 1620 941 1684 linea
957 1621 985 1684 P
999 1621 1033 1685 D
1048 1621 1203 1696 describit,
1218 1620 1290 1684 dein
1306 1619 1397 1684 Luni

127 1737 276 1810 pergente
290 1723 330 1787 ab
344 1746 367 1786 n
380 1723 421 1787 ad
435 1747 465 1809 q,
488 1724 571 1787 linea
593 1725 620 1787 P
635 1724 669 1787 D
691 1724 780 1787 cadet
794 1737 883 1788 extra
896 1725 1055 1802 circulum,
1078 1739 1109 1789 et
1123 1747 1226 1788 aream
1248 1747 1270 1786 n
1284 1747 1336 1810 qe
1357 1724 1398 1788 ad

128 1830 233 1892 circuli
248 1841 425 1917 tangentem
448 1851 469 1914 q
492 1853 510 1892 e
536 1829 731 1893 terminatam
746 1829 900 1894 describet
907 1855 916 1906 ;
940 1854 1019 1917 quae,
1044 1832 1190 1916 quoniam
1213 1830 1289 1893 nodi
1312 1831 1398 1914 prius

127 1935 390 2022 regrediebantur,
409 1937 475 2019 jam
489 1935 562 1998 verb
576 1935 827 2020 progrediuntur,
844 1937 974 1999 subduci
989 1937 1081 2000 debet
1094 1937 1134 2000 de
1149 1936 1219 2000 arei
1234 1937 1348 2020 priore,
1367 1949 1398 2000 et

128 2041 200 2105 crim
213 2041 340 2126 aequalis
355 2041 395 2103 sit
409 2039 534 2114 areaeQ
549 2040 577 2102 E
594 2040 635 2114 Ν,
658 2040 811 2124 relinquet
825 2041 1064 2103 semi-circulum
1081 2042 1112 2102 N
1128 2042 1161 2117 Q
1176 2041 1206 2103 A
1221 2064 1252 2105 n.
1298 2043 1399 2128 Igitur

129 2168 248 2210 summa
271 2145 409 2207 omnium
430 2165 571 2206 arearum
599 2143 674 2209 ΡΙ)
688 2143 710 2206 d
726 2143 774 2221 M,
801 2167 864 2229 quo
889 2158 1028 2228 tempore
1043 2146 1135 2208 Luna
1156 2147 1398 2211 semi-circulum

128 2249 284 2326 describit,
309 2259 356 2310 est
378 2270 450 2310 area
472 2246 687 2322 semi-circuli3
709 2259 742 2311 et
764 2250 884 2312 summa
905 2250 1043 2313 omnium
1066 2272 1130 2334 quo
1151 2263 1291 2334 tempore
1306 2252 1399 2315 Luna

128 2354 277 2418 circulum
291 2351 446 2429 describit,
463 2363 510 2414 est
524 2374 595 2414 area
609 2352 715 2415 circuli
729 2353 833 2416 totius.
877 2353 921 2418 At
939 2376 1012 2417 area
1034 2354 1061 2417 P
1075 2354 1109 2417 D
1124 2353 1146 2416 d
1162 2353 1211 2431 M,
1237 2355 1291 2418 ubi
1306 2354 1399 2419 Luna

127 2479 266 2532 versatur
280 2467 313 2529 in
328 2465 468 2553 syzygiis,
494 2485 541 2528 est
565 2466 778 2552 rectangulum
802 2467 860 2530 sub
875 2489 948 2529 arcu
975 2465 1058 2530 PM
1080 2479 1112 2530 et
1136 2466 1224 2529 radio
1251 2465 1326 2529 PT
1332 2489 1342 2541 ;
1368 2475 1400 2528 et

128 2600 248 2640 summa
261 2577 399 2639 omnium
423 2576 497 2638 huic
521 2576 686 2661 aequalium
709 2598 860 2652 arearum,
885 2598 948 2661 quo
970 2588 1110 2658 tempore
1133 2575 1224 2637 Luna
1248 2573 1399 2639 circulum

127 2681 281 2759 describit,
298 2694 345 2745 est
359 2681 572 2767 rectangulum
586 2682 645 2744 sub
659 2680 903 2744 circumferentia
918 2679 982 2744 toti
997 2692 1029 2744 et
1043 2680 1131 2743 radio
1145 2679 1272 2755 circuii3
1294 2692 1325 2744 et
1337 2680 1399 2743 hoc
1436 2715 1442 2725 ·

126 2788 350 2874 rectangulum,
374 2787 446 2850 crim
461 2788 501 2851 sit
514 2787 633 2872 aequale
648 2787 769 2851 duobus
784 2786 916 2863 circulis,
939 2786 1035 2870 duplo
1050 2787 1148 2870 majus
1164 2799 1210 2850 est
1225 2784 1318 2871 quim
1332 2806 1399 2848 rec·

127 2894 289 2980 tangulum
303 2893 400 2976 prius,
447 2891 583 2955 Proinde
597 2892 680 2968 nodi,
702 2891 738 2954 eri
754 2913 825 2953 cum
838 2891 1000 2955 velocitate
1014 2890 1209 2953 uniformiter
1221 2888 1399 2955 continuati

128 3022 221 3085 quam
245 2999 362 3062 habent
383 2999 417 3060 in
440 2999 572 3085 syzygiis
595 2998 764 3074 lunaribus,
789 2998 922 3081 spatium
947 2997 1044 3080 duplo
1069 3000 1168 3082 majus
1191 2998 1399 3061 describerent

127 3104 221 3189 quam
235 3102 341 3168 reveri
357 3103 552 3178 describunt3
574 3115 606 3167 et
625 3114 791 3188 propterea
811 3116 913 3167 motus
934 3103 1100 3167 mediocris
1115 3125 1258 3189 quocum,
1283 3104 1308 3166 si
1330 3104 1399 3167 uni-

126 3210 266 3275 formiter
280 3211 520 3289 continuaretur,
543 3212 676 3295 spatium
689 3234 710 3274 a
723 3234 755 3277 ae
770 3212 947 3297 inaequabili
961 3235 1032 3276 cum
1054 3226 1141 3277 motu
1154 3211 1261 3276 revera
1277 3211 1399 3274 confeo-

127 3330 195 3381 tum
208 3317 383 3381 describere
393 3330 530 3400 possent,
547 3330 594 3381 est
608 3318 742 3382 semissis
753 3318 856 3381 motris
868 3341 960 3403 quem
969 3319 1086 3382 habent
1099 3320 1132 3381 in
1147 3318 1278 3406 syzygiis
1287 3317 1397 3382 Luuae.

128 3425 224 3490 Unde
239 3424 310 3487 crim
324 3437 426 3488 motus
440 3423 582 3488 horarius
597 3425 759 3501 maximus,
783 3425 897 3488 sinodi
911 3425 944 3486 in
959 3425 1152 3510 quadraturis
1168 3436 1337 3499 versantur,
1361 3423 1400 3484 sit

129 3535 199 3597 33⁹.
218 3535 296 3596 10'''.
313 3531 384 3596 33¹&
403 3540 465 3609 lz',
488 3546 589 3597 motus
608 3531 772 3597 mediocris
786 3532 928 3596 horarius
942 3534 975 3597 in
988 3534 1049 3598 hoc
1064 3556 1137 3598 casu
1151 3535 1209 3598 erit
1234 3535 1302 3597 16'‘.
1319 3533 1398 3597 85'''.

131 3638 200 3704 16³&
217 3646 281 3703 36'.
326 3639 365 3722 (q)
389 3638 432 3701 Et
445 3636 517 3700 crim
532 3650 635 3702 motus
648 3638 790 3701 horarius
804 3638 959 3702 nodorum
973 3661 1095 3722 semper
1109 3639 1149 3702 sit
1163 3649 1199 3701 ut
1213 3638 1244 3702 A
1261 3639 1286 3703 Z
1301 3646 1400 3724 quet

127 3771 200 3811 area
216 3748 288 3811 ΡΙ)
303 3746 325 3809 d
338 3747 377 3811 M
391 3748 589 3832 conjunctim,
605 3761 636 3811 et
649 3760 813 3831 propterea
827 3761 929 3811 motus
943 3748 1085 3812 horarius
1096 3746 1250 3810 nodorum
1264 3746 1297 3808 in
1312 3770 1399 3832 syzy-

127 3855 185 3941 giis
201 3855 303 3918 Lunoe
325 3867 361 3918 ut
386 3856 413 3918 A
433 3855 459 3919 Z
483 3878 534 3940 qu.
558 3867 590 3919 et
610 3877 682 3918 area
704 3854 779 3920 ΡΙ)
795 3855 816 3917 d
832 3855 872 3919 M
893 3855 1090 3939 conjunctim,
1107 3854 1139 3917 id
1154 3864 1201 3917 est
1226 3852 1280 3937 (ob
1294 3853 1398 3916 datam

128 3982 232 4023 aream
248 3959 350 4023 PDd
363 3960 402 4024 M
416 3960 450 4023 in
464 3961 598 4047 syzygiis
612 3960 811 4045 descriptam)
826 3973 861 4023 ut
876 3961 906 4025 A
919 3961 945 4025 Z
960 3983 1011 4046 qu.
1027 3971 1120 4045 atque
1133 3959 1205 4022 ideo
1219 3959 1270 4022 hic
1284 3971 1397 4034 motus,

128 4065 182 4128 ubi
195 4064 271 4129 nodi
285 4079 373 4128 extra
387 4065 590 4150 quadraturas
604 4078 775 4143 versantur,
798 4066 857 4130 erit
871 4066 910 4129 ad
928 4069 995 4130 16''.
1013 4067 1090 4130 35“'.
1108 4065 1177 4130 165'.
1195 4071 1258 4130 36'.
1275 4076 1312 4128 ut
1326 4065 1357 4128 A
1373 4064 1399 4128 Z

132 4169 395 4255 quadATqu.
441 4169 572 4245 Q.e.d.

265 4362 300 4427 (⁸)
313 4367 327 4395 ⁹
340 4365 373 4414 Et
384 4363 438 4414 cim
448 4373 524 4414 motus
535 4367 639 4415 tomriur
649 4368 762 4415 nodorum
771 4367 807 4421 sit,
818 4365 861 4413 &c
874 4378 915 4425 per
927 4362 1080 4413 Corollarium
1091 4362 1265 4429 precedentem.
