3374 5774
203 393 233 451 ἰν
679 394 1010 460 INTRODUCTIO

201 568 374 654 eclipticam
389 581 480 647 secet,
503 572 553 634 cui
567 593 678 655 nempe
701 575 771 637 ooeli
792 575 861 638 loco
876 576 1083 658 respondeant
1104 579 1169 662 ejus
1184 576 1268 654 nodi,
1292 579 1344 662 qui
1365 579 1397 639 in
1419 579 1478 641 hac

199 678 365 764 hypothesi
386 681 442 743 fixi
463 680 575 758 forent,
598 696 629 746 et
651 706 785 768 quonam
804 685 919 770 angulo
939 687 1040 749 orbita
1056 686 1157 749 Lunae
1178 687 1256 749 foret
1271 687 1416 748 inclinata
1437 684 1478 748 ad

200 789 383 871 eclipticam,
403 789 486 852 unde
509 792 655 875 quoniam
670 816 707 855 ea
722 795 882 858 inclinatio
896 808 1040 860 constans
1064 810 1153 874 esset,
1177 796 1321 860 distantia
1338 797 1438 859 Lunae
1459 816 1478 855 a

198 897 294 979 plano
309 895 458 977 eclipticae
472 919 528 978 per
543 899 798 981 perpendiculum
813 903 999 979 mensurati,
1015 903 1094 966 foret
1109 927 1229 988 semper
1243 903 1478 988 proportionata

199 1004 352 1066 distantiae
366 1004 614 1089 perpendiculari
638 1007 738 1068 Lunae
754 1032 772 1070 a
787 1008 867 1073 linei
886 1010 1050 1086 nodorum,
1074 1011 1177 1094 itaque
1201 1033 1240 1072 ex
1262 1010 1386 1097 cognito
1409 1010 1477 1071 loco

200 1111 302 1174 Lunae
318 1123 349 1173 et
362 1111 516 1173 nodorum
531 1115 677 1198 cognosci
692 1116 806 1197 poterit
821 1139 956 1200 quonam
971 1117 1029 1179 sub
1044 1117 1158 1202 angulo
1175 1118 1266 1179 Luna
1282 1117 1321 1179 ab
1336 1115 1477 1198 ecliptica

199 1222 313 1284 distare
328 1219 469 1313 videatur
483 1243 523 1283 ex
538 1221 604 1304 ipsai
621 1222 739 1299 Terri13
763 1235 794 1287 et
815 1225 855 1287 ad
870 1225 1028 1309 quodnam
1042 1238 1192 1311 punctum
1206 1225 1355 1307 eclipticae
1371 1222 1478 1285 referri

199 1328 318 1391 debeat.

243 1439 276 1503 Si
291 1437 393 1521 itaque
406 1437 507 1498 Lunae
518 1450 620 1499 motus
631 1438 708 1499 citra
724 1438 877 1499 actionem
894 1437 974 1501 Solis
990 1437 1233 1512 considerentur,
1250 1436 1365 1499 tabulae
1380 1447 1478 1499 astro·

198 1543 328 1605 uomicae
344 1542 467 1603 lunares
482 1541 550 1604 haec
565 1543 722 1605 continere
737 1541 904 1605 debebunt.

242 1647 357 1712 Primi).
397 1649 559 1731 Epocham
573 1650 634 1711 loci
650 1650 750 1711 Lunae
766 1649 838 1712 dato
854 1649 958 1733 aliquo
973 1660 1128 1732 tempore;
1152 1661 1216 1711 tum
1233 1649 1479 1712 observationem

196 1756 257 1818 loci
279 1755 400 1839 apogaei
415 1755 499 1839 quod
514 1755 612 1816 fixum
627 1766 773 1830 maneret,
800 1766 831 1816 et
854 1753 1099 1817 observationem
1113 1753 1174 1816 loci
1188 1753 1341 1815 nodorum
1363 1755 1479 1836 pariter

197 1860 343 1923 fixorum.

174 1964 176 1969 ’
241 1967 355 2030 Postea
377 1966 536 2028 continere
558 1965 717 2030 debebunt
731 1967 869 2028 tabulam
883 1978 985 2029 motus
1002 1966 1107 2042 medii,
1129 1980 1196 2028 tum
1217 1968 1354 2030 tabulam
1375 1991 1479 2053 aequa-

196 2075 289 2138 tionis
316 2076 417 2137 Lunae
442 2073 613 2137 secundrim
641 2075 708 2157 ejus
735 2075 910 2137 distantiam
936 2073 1071 2136 mediam
1096 2074 1135 2136 ab
1162 2095 1312 2159 apogoe03
1341 2076 1480 2138 tabulam
1593 2089 1595 2096 ’

195 2183 369 2247 latitudinis
385 2182 487 2245 Lunae
510 2181 680 2245 secunddm
702 2184 817 2245 variam
836 2184 1013 2246 distantiam
1028 2185 1128 2248 Lunae
1150 2207 1169 2245 a
1189 2183 1273 2247 nodo
1295 2195 1326 2246 et
1347 2185 1480 2269 denique

197 2290 335 2354 tabulam
350 2288 537 2351 reductionis
551 2290 651 2352 Lunae
666 2290 704 2351 ad
720 2291 902 2374 eclipticam,
919 2290 1090 2354 secunddm
1105 2314 1173 2354 eam
1187 2292 1361 2355 distantiam
1379 2293 1480 2356 Lunae

196 2422 214 2462 a
231 2399 326 2461 nodo.

240 2503 377 2566 Possunt
397 2503 447 2563 his
469 2501 551 2578 addi,
575 2501 681 2564 tabula
702 2501 917 2564 distantiarum
936 2500 1038 2563 Lunae
1060 2523 1078 2562 a
1101 2500 1200 2564 Terra
1222 2500 1392 2564 secunddm
1414 2503 1479 2586 ejus

195 2606 373 2671 distantiam
395 2606 434 2667 ab
457 2606 521 2688 ejus
536 2626 675 2688 apogaeo,
699 2605 803 2667 tabula
817 2604 1039 2667 diametrorum
1053 2605 1118 2687 ejus
1134 2606 1347 2687 apparentium
1370 2628 1480 2669 secun-

195 2712 271 2776 ddm
294 2712 435 2776 eamdem
451 2710 629 2773 distantiam
651 2710 690 2772 ab
712 2733 852 2796 apogaeo,
874 2725 906 2776 et
927 2712 1060 2796 denique
1082 2712 1188 2774 tabula
1200 2713 1394 2796 parallaxeos
1416 2715 1480 2803 qufi

195 2817 484 2902 deprimiturLuna
494 2827 637 2899 respectu
648 2818 828 2899 spectatoris
844 2818 877 2881 in
892 2818 1055 2902 superficie
1066 2816 1203 2884 Tellmis
1218 2818 1369 2898 collocati,
1385 2837 1481 2906 prout

196 2923 318 2986 diversa
332 2935 378 2986 est
392 2924 458 3007 ejus
473 2945 493 2983 a
508 2920 607 2985 Terra
624 2921 777 2998 distantia,
800 2935 832 2986 et
851 2935 945 3008 prout
964 2924 1095 2987 altitudo
1110 2947 1205 3008 supra
1219 2926 1412 2990 horizontem
1433 2941 1481 2991 est

195 3030 328 3093 diversa.
1033 3078 1038 3091 ι

143 3184 152 3193 .
239 3139 326 3201 Talis
340 3137 420 3208 foret
434 3150 499 3200 tota
514 3137 553 3199 de
569 3135 662 3199 Lunai
677 3135 805 3213 theoria,
823 3138 899 3200 citra
916 3139 996 3201 Solis
1011 3139 1181 3212 actionem3
1205 3138 1259 3200 sed
1270 3139 1335 3222 jam
1350 3163 1369 3202 a
1382 3141 1479 3228 longo

155 3253 165 3269 '
195 3259 337 3331 tempore
366 3247 585 3309 intellexerunt
611 3246 790 3322 astronomi,
821 3245 944 3308 lunares
967 3258 1070 3309 motus
1091 3268 1112 3312 a.
1131 3246 1233 3308 Lunae
1254 3246 1314 3309 situ
1336 3262 1480 3331 respectu

197 3355 279 3420 Solis
294 3355 466 3439 plurimum
488 3353 617 3428 turbari,
638 3352 722 3415 unde
740 3353 840 3415 varias
855 3353 1070 3428 correctiones,
1094 3352 1157 3414 sive
1177 3354 1365 3436 aequationes
1387 3357 1480 3420 variis

194 3461 293 3526 titulis
308 3461 494 3524 concinnare
510 3472 582 3522 sunt
597 3460 709 3521 conati.

147 3628 152 3642 ,
239 3567 344 3642 Quam
357 3567 531 3631 luculenter
547 3588 587 3628 ex
601 3567 759 3652 gravitatis
773 3565 902 3640 theoria,
926 3565 994 3627 haec
1008 3586 1072 3627 non
1087 3563 1182 3627 modb
1197 3566 1399 3649 explicentur,
1423 3570 1480 3632 sed

195 3675 288 3738 etiam
298 3688 442 3738 accurato
452 3674 571 3737 calculo
580 3674 833 3749 determinentur,
845 3674 1056 3736 demonstrare
1069 3687 1287 3760 aggressusest
1296 3676 1477 3754 Newtonus,

194 3792 226 3842 et
247 3802 299 3842 eas
321 3801 428 3843 omnes
450 3781 638 3865 aequationes
654 3803 725 3864 quae
746 3802 786 3843 ex
810 3780 882 3843 Sole
900 3779 1048 3863 pendent,
1072 3781 1195 3842 calculis
1218 3803 1259 3842 ex
1280 3780 1399 3844 theoriai
1422 3783 1478 3846 sud

195 3885 336 3948 deductis
351 3886 394 3947 ita
407 3885 537 3951 feliciter
559 3887 665 3949 statuit
679 3899 714 3949 ut
727 3897 830 3948 motus
846 3886 947 3949 Lunae
962 3888 1064 3970 ejusve
1086 3887 1274 3971 aequationes
1296 3910 1336 3950 ex
1358 3889 1478 3953 calculo

195 4004 326 4075 repertae
338 3993 371 4053 in
382 3992 502 4054 minuto
514 3992 649 4056 secundo
664 4005 718 4055 aut
728 3990 827 4074 prope
839 4014 911 4054 cum
925 3993 962 4054 iis
977 4015 1047 4076 quae
1062 3993 1101 4055 ab
1117 3993 1359 4056 accuratioribus
1370 3995 1478 4058 obser-

196 4102 370 4164 vationibus
386 4101 584 4164 determinari
596 4110 774 4185 potuerunt,
798 4101 999 4177 consentiant,
1020 4101 1104 4185 quod
1116 4101 1310 4163 autoritatem
1322 4101 1478 4187 integram

194 4208 239 4270 illi
253 4210 382 4273 theoriae
394 4210 547 4273 conciliat.
585 4209 705 4272 Calculi
715 4220 819 4270 autem
834 4208 888 4283 illi,
905 4230 963 4270 nec
973 4208 1077 4270 faciles
1089 4220 1169 4284 sunt,
1183 4229 1241 4269 nec
1253 4210 1475 4291 compendiosi,

193 4340 252 4383 nec
266 4343 388 4404 semper
403 4319 565 4383 commode
581 4320 621 4381 ad
636 4318 839 4404 syntheticam
853 4317 985 4380 sormam
1001 4317 1168 4380 reducendi
1177 4341 1186 4392 ;
1210 4339 1287 4399 quos
1304 4316 1476 4383 Newtonus

193 4424 253 4488 haic
264 4425 369 4488 ultimi
387 4427 505 4489 ratione
521 4426 629 4487 lectori
644 4448 700 4488 suo
716 4425 822 4488 sistere
836 4425 947 4507 potuit,
971 4446 1023 4487 eos
1047 4423 1204 4486 enucleate
1220 4425 1322 4501 tradit,
1347 4439 1476 4489 caeteros

193 4531 316 4607 omittit,
333 4543 364 4594 et
378 4532 462 4616 quod
474 4552 513 4593 ex
525 4531 561 4592 iis
573 4530 729 4592 obtinetur
740 4529 869 4593 strictim
884 4530 917 4591 in
934 4528 1060 4592 Scholio
1071 4528 1195 4603 indicat,
1213 4541 1243 4591 et
1252 4531 1354 4611 primo
1368 4531 1475 4613 quales

194 4637 256 4700 sint
267 4636 328 4698 illae
340 4637 529 4721 aquationes
540 4637 631 4720 juxta
641 4646 889 4698 astronomorum
900 4634 1129 4699 observationes
1144 4634 1228 4710 dicit,
1244 4648 1275 4697 et
1289 4636 1475 4719 quibusnam
