3374 5774
197 456 258 520 198
497 448 840 518 PHILOSOPHIAE
862 448 1137 520 NATURALIS
1170 452 1241 535 [Dr
1255 454 1484 522 MurntSrsr.

197 627 293 698 1578,
310 643 416 685 mense
430 620 581 686 Januario
594 621 697 685 minor
708 634 776 686 erat
786 623 865 687 Jove
874 634 906 686 et
915 625 1014 708 major
1027 624 1119 713 Sirio,
1126 626 1181 707 cui
1195 625 1228 688 in
1242 626 1306 688 fine
1322 625 1487 690 Februarii

194 740 227 794 et
249 727 360 795 Martii
383 729 471 793 initio
492 728 589 794 evasit
611 731 750 817 aequalis.
796 730 910 795 Mense
935 731 1036 816 Aprili
1056 745 1087 795 et
1109 730 1200 796 Maio
1222 732 1317 795 stellis
1339 732 1487 798 secundae

195 834 428 924 magnitudinis,
444 834 551 914 Juni0,
567 837 653 901 Julio
668 849 700 901 et
711 838 857 924 Augusto
871 838 967 902 stellis
982 839 1081 902 tertiae
1096 839 1329 926 magnitudinis,
1344 842 1487 927 Septem·

197 943 257 1020 bri,
282 942 414 1007 Octobri
435 954 467 1007 et
488 942 661 1007 Novembri
684 944 779 1007 stellis
801 957 931 1030 quartae,
955 944 1127 1009 Decembri
1141 957 1173 1009 et
1187 945 1261 1008 anni
1284 954 1366 1015 1574
1380 969 1488 1012 mense

198 1049 349 1116 Januario
370 1049 467 1114 stellis
489 1050 617 1135 quintas,
640 1060 673 1113 et
691 1072 799 1114 mense
827 1050 999 1115 Februario
1028 1050 1124 1114 stell'm
1146 1062 1241 1116 sextae
1262 1053 1487 1139 magnitudinis
1511 1119 1513 1122 ,

199 1158 326 1244 aequalis
350 1157 522 1235 videbatur,
548 1170 580 1222 et
603 1180 710 1223 mense
736 1158 857 1224 Martio
879 1182 919 1224 ex
944 1160 1043 1224 oculis
1067 1162 1201 1225 evanuit.
1252 1161 1350 1226 Color
1375 1163 1421 1226 illi
1446 1165 1487 1228 ab

199 1266 289 1330 initio
311 1266 420 1343 clarus,
444 1265 580 1330 albicans
602 1289 639 1330 ac
660 1266 851 1350 splendidus,
874 1278 983 1352 postea
1002 1268 1110 1347 flavus,
1134 1281 1166 1334 et
1185 1269 1260 1334 anni
1283 1279 1366 1340 1573
1381 1295 1489 1339 mense

201 1372 322 1439 Martio
335 1372 466 1437 rutilans
481 1372 580 1436 instar
595 1370 711 1438 Martis
726 1385 781 1437 aut
795 1372 893 1437 stellae
909 1374 1102 1453 Aldebaran,
1126 1375 1217 1440 Maio
1231 1391 1336 1442 autem
1350 1380 1489 1444 altitudi-

200 1501 274 1544 nem
299 1478 484 1544 sublividum
505 1477 639 1557 induxit,
666 1478 790 1564 qualem
813 1479 846 1542 in
874 1481 1010 1545 Saturno
1035 1482 1202 1560 cernimus,
1233 1506 1326 1569 quem
1352 1486 1490 1549 colorem

200 1610 300 1673 usque
321 1586 356 1649 in
370 1585 467 1650 finem
488 1586 630 1663 servavit,
653 1608 776 1670 semper
790 1598 896 1651 tamen
910 1587 1072 1652 obscurior
1086 1587 1175 1653 facta.
1220 1589 1309 1654 Talis
1323 1592 1417 1654 etiam
1431 1592 1491 1657 fuit

201 1699 291 1762 stella
311 1699 344 1760 in
359 1697 471 1761 dextro
491 1697 573 1779 pede
590 1697 791 1780 Serpentarii,
807 1719 902 1783 quam
918 1697 1049 1782 Kepleri
1063 1697 1207 1783 discipuli
1222 1721 1305 1763 anno
1322 1709 1416 1778 1604,
1440 1701 1492 1765 die

202 1816 246 1871 30
267 1807 460 1892 Septembris
481 1817 518 1870 st.
535 1818 594 1870 vet.
611 1827 762 1890 apparere
777 1807 908 1890 coepisse
923 1807 1139 1885 observarunt,
1162 1818 1194 1871 et
1215 1806 1284 1871 luce
1298 1807 1355 1871 suri
1370 1810 1492 1872 stellam

201 1915 289 1981 Jovis
304 1937 476 2000 superasse,
500 1912 572 1978 crim
586 1925 679 1978 nocte
692 1914 890 1998 praecedente
904 1913 1032 1978 minime
1047 1916 1250 2000 apparuisset.
1295 1917 1349 1981 Ab
1364 1941 1401 1981 eo
1415 1918 1492 1983 verb

202 2036 344 2108 tempore
359 2022 509 2107 paulatim
524 2022 672 2099 decrevit,
688 2034 720 2087 et
735 2023 836 2107 spatio
850 2022 1005 2086 mensium
1020 2022 1197 2108 quindecim
1212 2023 1262 2088 vel
1278 2024 1438 2088 sexdecim
1453 2047 1494 2087 ex

202 2129 301 2194 oculis
323 2128 475 2193 evanuit>
511 2127 584 2192 Tali
598 2128 700 2191 'etiam
721 2127 809 2192 stellal
830 2127 911 2192 novis
933 2151 1029 2213 supra
1049 2129 1179 2192 modum
1200 2130 1495 2214 splendenteHip-

201 2236 339 2321 parchus
361 2235 402 2298 ad
424 2235 505 2299 fixas
527 2234 737 2300 observandas
752 2245 784 2299 ct
804 2235 838 2298 in
853 2235 1031 2322 catalogum
1045 2235 1221 2300 referendas
1237 2237 1386 2301 excitatus
1399 2237 1496 2301 fuisse

203 2345 328 2410 dicitur.
374 2345 439 2411 Sed
453 2345 536 2423 fixae,
554 2368 625 2432 quae
639 2366 696 2430 per
710 2343 794 2409 vices
809 2356 961 2429 apparent
975 2356 1007 2408 et
1021 2356 1218 2422 evanescunt,
1240 2368 1372 2432 quoeque
1386 2347 1496 2431 paula-

203 2456 262 2520 tim
277 2469 430 2533 crescunt,
454 2469 486 2520 et
506 2456 576 2521 luce
591 2456 647 2520 sud
663 2456 743 2520 fixas
758 2455 859 2518 tertiae
873 2453 1097 2541 magnitudinis
1111 2454 1165 2518 vix
1180 2476 1318 2541 unquam
1333 2469 1495 2541 superant,

204 2561 350 2627 videntur
371 2585 438 2627 esse
460 2562 583 2649 generis
604 2562 741 2639 alterius,
766 2573 797 2625 et
810 2560 1002 2624 revolvendo
1023 2572 1146 2644 partem
1166 2560 1304 2625 lucidam
1319 2574 1351 2626 et
1372 2575 1496 2647 partem

205 2671 370 2735 obscuram
391 2695 450 2756 per
470 2672 553 2736 vices
574 2671 747 2736 ostendere.
807 2671 950 2755 Vapores
971 2681 1087 2747 autem,
1113 2669 1167 2755 qui
1190 2692 1230 2734 ex
1256 2669 1329 2734 Sole
1351 2683 1381 2734 et
1399 2672 1497 2736 stellis

205 2776 278 2840 lixis
293 2789 325 2842 et
340 2778 446 2841 caudis
461 2789 652 2842 cometarum
668 2777 822 2854 oriuntur,
839 2775 977 2839 incidere
991 2788 1122 2860 possunt
1135 2798 1193 2860 per
1206 2776 1391 2863 gravitatem
1407 2802 1497 2843 suam

206 2885 240 2946 in
262 2887 486 2970 atmosphoeras
508 2887 705 2972 planetarum
727 2900 759 2950 et
783 2887 827 2950 ibi
852 2886 1037 2950 condensari
1059 2898 1090 2950 et
1115 2887 1254 2951 converti
1276 2887 1308 2949 in
1332 2885 1445 2974 aquam
1467 2902 1499 2953 et

208 2989 335 3073 spiritus
351 2991 507 3067 humidos,
525 3004 557 3055 et
572 2992 704 3057 subinde
718 3015 776 3077 per
789 2993 909 3057 lentum
925 2974 1061 3056 calorem
1075 2993 1109 3055 in
1124 2994 1213 3070 sales,
1237 3005 1268 3058 et
1282 2993 1442 3078 sulphura,
1467 3008 1496 3060 et

208 3095 378 3172 tincturas,
388 3106 421 3159 ct
434 3095 554 3173 limum,
570 3114 601 3161 et
614 3097 725 3175 lutum,
742 3109 773 3162 et
787 3099 939 3185 argillam,
952 3111 984 3162 et
993 3120 1129 3179 arenam,
1143 3112 1174 3165 et
1187 3099 1315 3186 lapides,
1329 3113 1360 3166 et
1371 3103 1498 3181 coralla,

208 3213 240 3270 et
255 3200 441 3270 substantias
456 3202 533 3270 alias
548 3213 710 3270 terrestres
725 3202 876 3290 paulatim
890 3204 1036 3292 migrare.
1053 3288 1055 3293 .

585 3474 838 3542 SCHOLIUM
861 3475 1128 3551 GENERALE,

256 3667 294 3756 (¹)
318 3670 515 3758 Hypothesis
537 3671 692 3736 vorticum
711 3670 817 3736 multis
839 3671 992 3757 premitur
1013 3669 1254 3736 difficultatibus.
1305 3671 1352 3736 Ut
1372 3671 1500 3754 planeta

212 3781 427 3867 unusquisque
447 3781 536 3845 radio
557 3781 598 3844 ad
625 3781 730 3846 Solem
756 3781 852 3845 ducto
876 3804 963 3845 areas
985 3781 1140 3850 describat
1164 3782 1298 3866 tempori
1322 3780 1503 3866 proportio-

210 3886 309 3963 naleS,
340 3897 481 3971 tempora
514 3886 672 3972 periodica
702 3887 838 3972 partium
867 3888 992 3951 vorticis
1017 3887 1168 3952 deberent
1196 3909 1264 3951 esse
1286 3888 1319 3950 in
1341 3885 1502 3971 duplicata

213 3993 337 4058 ratione
367 3993 585 4058 distantiarum
614 4018 633 4058 a
664 3994 746 4059 Sole.
808 3995 855 4060 Ut
876 3994 1034 4079 periodica
1056 3995 1252 4079 planetarum
1270 4007 1412 4078 tempora
1442 3992 1506 4056 sint

211 4098 245 4163 in
266 4098 470 4185 proportione
491 4100 706 4187 sesquiplicatd
722 4101 938 4164 distantiarum
952 4125 972 4164 a
988 4101 1071 4178 Sole,
1094 4113 1236 4186 tempora
1248 4099 1409 4193 periodica
1429 4121 1504 4184 par·

212 4205 291 4268 tium
320 4207 445 4272 vorticis
471 4207 635 4279 deberent.
648 4232 715 4273 esse
744 4208 777 4271 in
803 4208 1020 4294 sesquiplicati
1043 4209 1261 4272 distantiarum
1287 4209 1503 4292 proportione.

215 4311 263 4376 Ut
277 4313 408 4377 vortices
423 4313 559 4403 minores
574 4314 692 4378 circum
705 4317 884 4393 Saturnum,
898 4315 1008 4379 Jovem
1023 4326 1055 4379 et
1068 4315 1145 4378 alios
1159 4316 1299 4400 planetas
1313 4315 1416 4403 gyrati
1427 4338 1504 4379 con-

215 4430 376 4483 serventur
390 4432 421 4482 et
434 4418 600 4505 tranquille
615 4430 723 4483 natent
742 4420 776 4482 in
791 4421 908 4484 vortice
924 4418 1016 4496 Solis,
1038 4430 1180 4503 tempora
1193 4419 1352 4504 periodica
1365 4421 1504 4505 partium

219 4523 345 4589 vorticis
361 4523 467 4589 solaris
482 4524 633 4589 deberent
647 4547 714 4589 esse
728 4526 868 4613 aequalia.
916 4525 1139 4591 Revolutiones
1155 4524 1236 4591 Solis
1251 4539 1283 4592 et
1303 4526 1503 4611 planetarum

217 4765 240 4804 et
249 4693 624 4822 (1123.17}in',0121‚lwffijlmm
660 4693 743 4757 (Prop.
762 4692 1013 4745 1.11.1,ia11.cum
1032 4694 1119 4744 Coroll.
1139 4693 1216 4744 Schol.
1235 4695 1305 4759 Prop.
1320 4695 1379 4745 XL.
1396 4696 1451 4746 Lib.
1466 4695 1505 4744 11.
