3374 5774
209 459 250 514 28
511 441 851 510 PHILOSOPHIAE
875 440 1147 507 NATURALIS
1172 441 1242 520 [Dn
1259 437 1382 504 Munn.
1400 440 1495 505 Svsr.

244 621 315 664 Carus
335 621 356 662 1·
392 616 445 662 Sint
461 615 485 669 Q
498 614 554 661 TP
570 623 594 660 ει
611 614 636 660 N
648 615 671 660 T
684 613 705 660 P
724 614 832 674 negativi,
866 611 1021 659 semi-circulo
1031 611 1142 672 superiori
1156 614 1176 658 A
1193 613 1259 667 QB,
1276 621 1300 659 et
1316 627 1331 658 n
1348 612 1419 660 estin
1429 623 1497 669 ante.

210 680 274 726 aolus
292 681 342 726 S'l'
356 679 378 726 N
395 680 425 725 sit
440 678 559 738 positivus,
577 677 645 723 distet
663 677 685 723 P
700 692 714 723 a
730 677 792 723 nodo
809 677 834 723 N
866 677 971 723 cedentia
982 687 1088 735 respectu
1102 677 1133 729 A,
1145 672 1244 736 idecique
1255 676 1263 720 l
1274 685 1308 721 est
1319 676 1344 721 in
1355 676 1497 724 anteceden-

210 739 289 789 minus
300 743 373 790 tribus
383 741 556 803 quadrantibus,
567 739 614 787 sive
621 741 700 787 minus
708 741 835 801 quadrante
866 741 899 787 tia
908 749 1013 798 respectu
1024 753 1048 794 ιι,
1061 747 1088 784 ιιι
1098 739 1168 785 etiam
1178 739 1312 807 Vrespectu
1322 741 1354 795 N,
1364 740 1498 802 regreditur

210 816 322 867 apuncto
333 821 357 862 n,
375 805 444 866 idque
460 805 485 850 in
501 805 672 865 consequentia,
689 803 836 863 retroprodu-
867 819 923 864 ergo
935 801 1017 858 nodus,
1035 801 1065 847 sit
1076 801 1136 848 NP
1152 802 1224 850 tribus
1235 802 1400 863 quadrantibus
1411 805 1496 866 major,

174 897 178 900 -
211 870 291 917 oeudae
302 880 371 916 erunt
381 868 448 915 lineae
460 868 482 915 P
500 869 537 924 M,
552 868 573 914 P
589 868 619 924 L,
638 877 666 913 ιιι
681 867 703 914 P
722 868 750 914 M
768 867 836 913 lineae
867 866 935 914 linere
949 867 970 912 P
982 866 1020 921 M,
1034 864 1055 911 Ρ
1068 865 1089 910 L
1100 875 1230 912 antrorsum
1242 877 1296 913 sunt
1307 866 1469 925 producendae,
1487 867 1497 914 l

210 934 325 981 nodorum
336 941 441 978 occurrat
457 932 481 977 in
501 946 533 987 ιιι,
553 939 577 977 ει
594 931 616 978 L
629 931 651 978 P
667 931 694 977 in
713 929 721 975 l
738 931 835 976 vicinius
867 930 910 976 erit
921 929 1015 989 propius
1028 927 1076 974 Soli
1087 927 1157 988 quim
1168 943 1200 984 rn,
1212 936 1236 974 et
1248 929 1272 975 A
1285 930 1307 976 Τ
1318 928 1327 974 l
1337 931 1385 976 sive
1398 931 1421 976 A
1434 931 1458 978 T
1472 931 1497 978 V

214 997 270 1052 Soli,
277 997 332 1042 hinc
341 996 363 1042 A
373 995 498 1043 Tlrninor
505 995 549 1040 erit
559 995 582 1040 A
593 993 739 1042 Tmetideo
750 999 770 1040 A
781 995 832 1041 TV
866 995 943 1040 minor
953 990 1025 1053 quiam
1038 992 1061 1037 A
1074 992 1096 1039 T
1109 993 1140 1045 N,
1152 992 1193 1038 sed
1203 992 1258 1053 quia
1272 995 1294 1039 A
1308 993 1330 1040 T
1342 993 1366 1040 N
1377 1002 1411 1040 est
1421 1009 1495 1056 nega.

211 1062 285 1121 major
294 1058 366 1121 quim
380 1059 401 1105 A
414 1059 437 1106 T
450 1059 481 1111 N,
499 1058 539 1104 sed
551 1066 665 1116 punctum
678 1059 702 1104 N
713 1066 747 1104 est
757 1057 782 1102 in
793 1072 835 1103 an·
866 1058 934 1109 tivus,
954 1053 1053 1116 ide6que
1073 1057 1096 1101 A
1116 1064 1150 1101 est
1168 1055 1193 1100 in
1211 1054 1371 1103 antecedentia
1386 1067 1495 1117 respectu

211 1123 340 1170 tecedentia
350 1131 454 1180 respectu
467 1122 548 1180 puncti
561 1122 592 1173 A,
610 1137 666 1183 ergo
679 1123 702 1169 V
713 1121 834 1167 estinan·
867 1120 947 1180 puncti
960 1120 992 1172 N,
1009 1118 1052 1164 erit
1063 1119 1133 1165 etiam
1146 1119 1168 1165 V
1179 1119 1204 1164 in
1215 1120 1373 1167 antecedentia
1388 1131 1496 1188 respectu

212 1187 339 1235 recedentia
349 1196 453 1246 respectu
465 1186 545 1245 puncti
554 1185 591 1242 N,
603 1200 659 1248 ergo
670 1184 746 1232 nodus
757 1199 835 1248 regre·
868 1183 948 1246 puncti
960 1184 992 1238 N,
1004 1181 1132 1244 regreditur
1142 1197 1198 1244 ergo
1209 1182 1291 1229 nodus.

1043 1248 1096 1293 Art.
1118 1252 1141 1292 4.
1178 1246 1204 1292 Si
1220 1256 1266 1293 tres
1281 1246 1362 1310 anguli
1382 1248 1408 1302 Q
1423 1247 1446 1294 Τ
1464 1247 1494 1306 Ρ,

1011 1311 1037 1357 N
1050 1310 1072 1356 T
1083 1310 1111 1363 P,
1131 1308 1182 1356 ST
1194 1311 1219 1356 N
1234 1310 1280 1356 sint
1290 1310 1399 1373 negativi,
1416 1321 1496 1359 motus

1011 1387 1040 1419 ex
1062 1372 1188 1434 regressivo
1208 1374 1364 1435 progressivus
1384 1374 1438 1431 flet;
1467 1384 1496 1422 ut

1010 1434 1144 1496 hypothesis
1170 1437 1242 1498 hujus
1267 1437 1358 1484 articuli
1384 1438 1495 1494 obtineat,

1011 1509 1100 1559 oportet
1110 1509 1138 1546 ut
1147 1500 1223 1546 nodus
1241 1500 1264 1546 N
1280 1510 1304 1547 et
1315 1502 1385 1548 Luna
1397 1501 1419 1548 P
1429 1501 1459 1549 sit
1469 1502 1497 1548 iu

1011 1563 1138 1624 quadrante
1156 1580 1171 1625 q
1191 1564 1212 1610 B
1222 1580 1230 1620 ;
1248 1578 1302 1609 nam
1319 1563 1374 1611 cirnr
1393 1565 1496 1626 angulus

1013 1628 1039 1681 Q
1049 1627 1072 1673 Τ
1089 1627 1110 1673 Ρ
1129 1627 1159 1673 sit
1174 1628 1302 1688 negativus,
1323 1628 1430 1675 Pdebet
1446 1644 1497 1675 esse

1011 1689 1036 1735 in
1047 1690 1202 1738 semi-circuio
1214 1707 1229 1752 q
1248 1691 1269 1737 B
1283 1692 1323 1748 Q,
1341 1690 1394 1738 chrn
1414 1692 1461 1738 ST
1471 1693 1496 1739 N

1011 1753 1040 1799 sit
1056 1756 1182 1815 negativus,
1201 1755 1226 1800 N
1242 1752 1309 1801 debet
1320 1770 1369 1800 esse
1384 1756 1409 1801 in
1425 1756 1496 1801 semi-

1011 1816 1097 1863 circulo
1117 1819 1140 1863 A
1156 1833 1170 1878 q
1189 1818 1218 1874 B,
1237 1827 1261 1864 et
1277 1816 1332 1864 edm
1351 1817 1375 1864 N
1392 1819 1449 1866 TP
1466 1819 1497 1866 sit

1011 1881 1139 1942 negativus,
1152 1881 1177 1928 N
1188 1881 1343 1928 debetessein
1352 1896 1497 1944 consequen.

1011 1943 1045 1989 tia
1061 1953 1166 2004 respectu
1180 1945 1215 2003 P,
1232 1956 1295 2006 ergo,
1317 1945 1341 1992 N
1357 1960 1404 1992 non
1421 1954 1497 2005 potest

1012 2007 1097 2053 versari
1118 2007 1143 2052 in
1164 2006 1292 2070 quadrante
1315 2009 1338 2054 A
1360 2023 1382 2070 q.
1406 2024 1449 2055 nec
1474 2009 1496 2055 P

1011 2069 1037 2116 in
1053 2070 1179 2130 quadrante
1200 2072 1221 2118 Β
1235 2072 1274 2126 Q:
1292 2083 1423 2119 ιιιιιοιειιιιι
1438 2087 1496 2134 ergo

1011 2143 1081 2180 erunt
1096 2134 1250 2194 producendae
1263 2135 1331 2181 linere
1349 2135 1370 2182 P
1383 2136 1419 2189 M,
1439 2136 1495 2183 PL

1011 2206 1039 2243 ιιι
1057 2197 1169 2256 ecliptica
1186 2207 1314 2254 occurrant,
1331 2199 1374 2245 erit
1392 2199 1401 2245 l
1419 2213 1496 2245 remo-

1011 2260 1057 2306 tius
1068 2275 1082 2306 a
1094 2261 1147 2306 Sole
1155 2261 1224 2322 qudrn
1233 2276 1264 2314 m,
1276 2271 1300 2308 et
1310 2261 1412 2322 angulus
1422 2262 1496 2309 ATV

1012 2323 1086 2384 major
1095 2324 1183 2384 angulo
1201 2326 1223 2370 A
1234 2325 1257 2371 T
1269 2326 1299 2379 N,
1315 2325 1404 2372 sedhic
1419 2341 1496 2386 angu-

1010 2384 1048 2432 lus
1059 2396 1093 2432 est
1103 2388 1231 2447 negativus,
1248 2389 1296 2434 sive
1306 2398 1340 2435 est
1358 2389 1381 2434 N
1397 2388 1423 2434 in
1439 2404 1496 2434 con·

1010 2451 1129 2509 sequentia
1139 2460 1243 2510 respectu
1256 2452 1287 2508 A,
1304 2452 1347 2498 erit
1358 2467 1414 2514 ergo
1424 2453 1496 2499 etiarn

1012 2512 1035 2558 V
1056 2512 1082 2557 in
1103 2515 1265 2575 consequentia
1286 2527 1391 2576 respectu
1412 2516 1497 2575 puncti

212 2573 291 2634 ditur;
308 2574 377 2621 d'utet
395 2574 416 2621 P
431 2576 461 2621 ab
478 2576 503 2621 N
514 2570 567 2635 pius
577 2576 650 2623 tribus
661 2573 834 2636 quadrantibus,
869 2572 902 2630 N,
915 2573 990 2620 nodus
1000 2573 1079 2636 itaque
1090 2578 1244 2638 progreditur.

212 2648 342 2686 antrorsum
353 2636 507 2696 producenda
518 2648 573 2684 sunt
584 2639 651 2686 linere
665 2639 732 2694 PM,
747 2638 798 2684 PL
809 2646 837 2684 ιιι
902 2637 949 2683 His
960 2637 1040 2696 positis
1051 2638 1110 2695 dico,
1126 2640 1190 2701 quod
1201 2651 1279 2688 motus
1294 2642 1349 2688 nodi
1367 2644 1496 2705 progressi·

212 2710 334 2750 occurrant
349 2701 416 2746 linea
428 2698 541 2745 nodorum
559 2711 582 2748 ει
600 2702 609 2746 l
627 2702 729 2748 manebit
748 2718 762 2748 a
783 2701 837 2747 Sole
869 2714 911 2746 vus
927 2701 1003 2747 evadit
1012 2700 1070 2748 dum
1083 2703 1154 2749 Luna
1168 2716 1272 2752 versatur
1282 2706 1342 2751 inter
1357 2707 1497 2754 alterutrum

212 2765 323 2814 remotius
332 2761 404 2825 quim
416 2777 448 2819 m,
464 2772 488 2809 ει
498 2764 599 2826 angulus
617 2766 640 2811 A
653 2766 675 2811 T
686 2763 695 2809 l
711 2765 785 2826 major
794 2764 838 2812 erit
869 2763 958 2810 nodum
976 2774 1000 2811 et
1017 2765 1181 2826 quadraturam
1196 2768 1240 2830 ipsi
1256 2769 1403 2828 proximam,
1419 2772 1495 2831 quad·

212 2828 299 2891 angulo
313 2829 336 2875 A
348 2828 371 2875 T
382 2827 414 2883 N,
426 2826 555 2887 regreditur
564 2842 620 2890 ergo
631 2827 713 2874 nodus.
869 2835 971 2875 raturam
992 2828 1055 2876 uodo
1075 2830 1205 2891 proximam
1226 2842 1293 2880 vocat
1315 2833 1452 2890 Nevtonus,
1475 2834 1497 2881 si

219 2896 337 2940 that.
373 2890 694 2945 SithTPetSTN
796 2890 799 2895 ⁴

213 2955 321 3017 negativi,
332 2953 396 3001 aolus
406 2951 460 3000 vero
472 2953 496 2999 N
509 2954 531 3000 T
544 2954 565 3001 P
575 2955 693 3014 positivus,

212 3019 243 3064 sit
255 3019 279 3065 N
289 3018 395 3065 Pminor
402 3015 695 3079 quadranteretroproduc·

213 3081 326 3136 deliacis,
338 3079 392 3127 cum
408 3081 430 3126 L
444 3080 474 3125 sit
484 3083 594 3128 remotius
609 3098 625 3128 a
642 3082 695 3128 Sole

213 3142 283 3206 quim
296 3145 332 3197 Μ,
350 3145 394 3190 erit
409 3143 417 3189 l
433 3145 463 3190 ob
473 3141 657 3192 decussationem
667 3145 696 3190 li·
797 3187 802 3195 .

214 3223 310 3254 nearurn
318 3207 412 3266 propius
422 3205 470 3253 Soti
481 3215 505 3254 et
512 3208 613 3269 angulus
623 3213 646 3256 A
657 3208 696 3256 Tl

213 3271 260 3317 sive
272 3273 301 3330 ,A
319 3271 342 3319 T
359 3271 382 3317 V
398 3270 475 3316 minor
485 3271 572 3332 angulo
591 3272 614 3317 A
628 3273 650 3319 T
663 3273 694 3328 N,

213 3335 253 3382 sed
271 3336 327 3397 quia
342 3333 379 3381 hic
398 3334 500 3396 angulus
518 3345 553 3381 est
568 3337 695 3398 negativus,

213 3399 382 3459 complementa
395 3398 425 3444 ad
435 3409 535 3459 quatuor
544 3408 618 3446 rectos
628 3409 697 3448 erunt
738 3436 746 3455 ,

195 3481 196 3484 ¹
213 3462 333 3519 sumenda,
341 3471 437 3508 eternus
446 3463 468 3508 A
477 3462 502 3516 Q
511 3462 532 3508 P
538 3463 561 3509 V
570 3464 644 3526 major
654 3465 697 3511 erit
729 3466 737 3476 ’

181 3560 184 3565 -
213 3541 267 3572 arcu
279 3529 301 3573 A
309 3528 335 3582 Q
343 3526 363 3573 P
370 3526 402 3582 N,
411 3540 467 3588 ergo
475 3525 551 3571 nodus
558 3527 694 3589 regreditur.

246 3590 281 3636 Sit
301 3591 325 3637 N
343 3590 365 3637 P
384 3590 457 3652 major
475 3589 610 3652 quadrante,
630 3591 697 3638 lineis

214 3652 236 3699 P
248 3653 285 3710 Μ,
299 3653 320 3700 Ρ
333 3654 354 3700 L
366 3654 483 3713 productis
493 3664 615 3702 occurrent
625 3656 697 3714 eclip·

213 3715 265 3761 ticae
275 3732 289 3762 a
299 3727 363 3776 parte
373 3718 455 3776 puncti
471 3733 493 3772 n,
512 3726 536 3763 et
546 3728 639 3777 propter
654 3734 696 3764 an-

214 3779 298 3851 gulum
318 3780 342 3834 Q
353 3781 375 3826 T
387 3781 409 3827 P
425 3781 559 3844 negativum
570 3780 625 3828 cum
636 3783 657 3828 P
667 3781 697 3829 sit

213 3854 239 3886 ιιι
249 3842 403 3890 semi-circulo
418 3860 434 3906 q
445 3846 466 3892 Β
479 3847 504 3900 Q
519 3843 562 3890 erit
576 3844 585 3889 l
602 3855 629 3891 ut
639 3855 662 3891 et
673 3845 696 3892 L

213 3905 325 3952 remotius
339 3920 354 3951 a
372 3906 424 3952 Sole
434 3905 505 3969 quim
519 3923 544 3954 m
555 3918 578 3954 et
589 3909 627 3964 M,
644 3908 697 3955 ideo

213 3967 314 4030 angulus
333 3969 357 4015 A
377 3970 400 4016 T
419 3982 436 4014 n
456 3972 532 4018 minor
553 3981 588 4019 est
609 3972 697 4035 angulo

216 4033 239 4078 A
253 4032 295 4078 Ti
310 4041 333 4079 et
349 4032 543 4091 compluentum
556 4037 637 4096 prioris
652 4052 694 4082 an-

213 4095 264 4170 guli
279 4096 300 4142 A
312 4096 334 4143 T
346 4096 370 4143 N
381 4096 455 4170 qrajor
465 4106 499 4143 est
509 4099 596 4161 angulo
609 4102 633 4148 A
643 4100 704 4160 TV,
716 4103 756 4150 sed
769 4105 791 4151 A
804 4115 839 4152 est
868 4107 1016 4169 quadraturae
1032 4123 1047 4156 a
1062 4108 1125 4155 nodo
1146 4108 1253 4158 distantia
1273 4110 1399 4175 qrradranoe
1418 4110 1496 4174 major

213 4173 239 4204 lu
250 4159 409 4206 antecedentia
419 4172 523 4219 respectu
534 4166 613 4220 puncti
626 4164 658 4220 N,
670 4181 725 4230 ergo
736 4169 805 4215 etiam
815 4171 838 4217 V
870 4187 918 4218 non
929 4173 965 4219 sit.

214 4222 284 4268 estin
295 4222 454 4270 antecedentia
460 4233 565 4282 respectu
571 4229 655 4286 puncti
664 4230 696 4288 N,
708 4232 839 4294 regreditur
905 4236 939 4281 Sit
950 4235 1012 4282 enim
1023 4235 1124 4298 angulus
1136 4243 1159 4283 A
1172 4236 1194 4284 T
1206 4237 1231 4284 N
1247 4237 1365 4298 positivus,
1381 4239 1495 4300 quoniam

214 4300 270 4348 ergo
281 4287 363 4333 nodus.
382 4349 388 4360 ·
871 4299 942 4345 Luna
952 4301 999 4345 sive
1010 4310 1123 4359 punctum
1142 4301 1163 4346 P
1179 4309 1213 4348 εει
1223 4302 1380 4362 interpuncta
1399 4302 1458 4356 Qet
1470 4303 1496 4348 N

248 4353 298 4397 0⁰⁸·
311 4357 333 4397 3·
365 4352 416 4398 Sffli
426 4350 443 4397 S
451 4351 473 4397 T
481 4351 505 4396 Ν
513 4359 537 4398 ei
546 4352 571 4406 N.
580 4353 602 4399 T
611 4354 747 4419 Pnegativi,
759 4360 838 4413 QTP
869 4360 904 4408 vel
924 4379 938 4424 q
956 4372 979 4408 et
998 4378 1014 4408 n
1033 4377 1061 4409 ex
1080 4364 1208 4424 hypothesi,
1227 4364 1336 4412 alteruter
1353 4380 1381 4411 ex
1401 4365 1495 4428 angulis

214 4409 269 4486 verr}
285 4414 403 4472 positivus,
423 4423 539 4488 punctum
557 4415 578 4461 L
597 4428 632 4491 εει
650 4421 724 4468 ubivis
743 4423 837 4482 propius
872 4426 930 4479 QT
942 4425 971 4479 P,
990 4427 1014 4473 N
1027 4426 1049 4472 T
1063 4427 1083 4473 P
1099 4428 1142 4473 erit
1152 4427 1268 4486 positivus,
1285 4429 1342 4477 alter
1358 4429 1494 4491 negativus;

216 4476 266 4551 Soli
276 4477 346 4538 quim
364 4478 401 4534 M,
418 4493 438 4523 ar
457 4479 477 4525 P
493 4479 572 4524 minus
587 4487 660 4528 tribus
674 4485 840 4545 quadrantibus
872 4502 927 4534 nam
937 4489 967 4535 sit
979 4489 1002 4535 N
1013 4490 1050 4534 vel
1060 4504 1077 4534 n
1088 4489 1274 4538 insemi-circulo
1285 4493 1371 4554 QBq,
1381 4493 1497 4554 tumquia

216 4539 285 4587 drstet
295 4542 325 4586 ab
338 4541 370 4595 N,
382 4542 600 4602 retroproducendva
615 4556 670 4592 sunt
685 4548 753 4595 linere
767 4550 789 4597 P
801 4551 838 4607 M,
874 4550 896 4596 P
907 4561 941 4597 est
951 4553 1049 4607 inter-Q
1058 4553 1095 4598 vel
1105 4568 1121 4614 q
1131 4561 1154 4599 et
1167 4552 1191 4599 N
1202 4555 1238 4599 vei
1249 4570 1272 4612 n,
1290 4556 1333 4602 erit
1346 4555 1402 4602 Pin
1413 4556 1496 4611 eodem

217 4602 281 4660 PL,
293 4619 307 4650 a
317 4612 381 4663 parte
391 4606 472 4664 puncti
482 4621 499 4652 ιι
510 4615 534 4651 ει
544 4607 588 4652 erit
601 4607 622 4653 A
634 4608 671 4654 Tl
683 4613 757 4674 majus
767 4613 839 4674 quim
870 4615 1025 4662 semi-circulo
1044 4617 1070 4671 Q
1086 4616 1107 4666 B
1123 4630 1145 4676 q,
1164 4613 1268 4678 ideoque.
1282 4618 1384 4681 angulus
1403 4620 1428 4674 Q
1440 4621 1463 4666 T
1475 4618 1497 4664 I'

218 4668 242 4715 Δ
255 4668 277 4716 Τ
288 4682 311 4725 ιι,
329 4667 369 4715 red
379 4667 435 4730 quia
447 4670 464 4717 S
476 4671 498 4718 T
510 4670 535 4717 N
545 4678 581 4719 est
591 4672 720 4734 negativus,
737 4690 753 4722 n
769 4677 839 4724 estin
871 4679 915 4724 erit
925 4679 1053 4741 negativus,
1063 4677 1213 4742 sedangulus
1225 4675 1281 4728 NT
1291 4674 1313 4730 P
1323 4680 1366 4728 erit
1374 4683 1498 4742 positivus,
