3374 5774
101 452 214 520 Lrnnn
229 453 409 536 Tuumne]
453 451 695 520 PRINCIPIA
718 448 1092 526 MATHEMATICA.
1322 463 1379 521 151

102 628 143 712 (¹¹)
161 627 216 691 sin
230 637 382 712 punctum
398 625 426 691 P
439 646 504 689 non
517 625 635 690 incidet
648 627 682 689 in
695 639 847 711 punctum
863 628 905 705 N,
920 628 953 692 in
968 628 1052 693 recti
1067 631 1097 693 A
1114 630 1142 695 C
1159 629 1297 714 capiatur
1311 628 1340 692 C
1352 627 1386 692 G

102 736 162 822 ipsi
172 736 204 800 N
215 736 242 800 P
252 736 391 821 oequelis,
406 736 450 799 ite
460 747 495 799 ut
508 745 624 821 puncta
636 734 669 800 G
680 748 711 800 et
722 735 751 802 P
761 736 802 800 ud
813 736 937 802 eusdem
951 749 1055 822 partes
1066 750 1159 802 reetae
1171 738 1203 803 N
1214 739 1385 824 Cjeceent.
1396 788 1405 800 .

103 921 161 968 gene
168 903 300 953 latitudinis
315 904 340 951 in
351 901 507 951 observatione
518 901 586 968 tertii
596 903 625 952 ed
636 898 730 952 redium
760 913 796 954 est
805 906 835 953 ed
846 905 1016 968 longitudinem
1033 904 1099 967 pride
1113 907 1232 955 inventum
1248 906 1279 962 X,
1296 905 1322 951 in
1332 905 1386 952 sub-

105 972 128 1018 Τ
141 971 177 1029 03
191 971 306 1032 J'ungetur
317 969 347 1016 Μ
360 968 386 1014 N
396 982 475 1014 moene
486 968 500 1015 1
514 968 537 1015 0
548 968 573 1014 in
587 968 618 1016 0.
649 969 674 1016 Si
685 968 730 1016 eri-
760 969 879 1031 duplicati
889 970 978 1019 ratione
986 970 1093 1018 diametri
1101 969 1249 1031 orbismegni
1259 971 1288 1017 ed
1300 979 1387 1016 rectem

103 1043 173 1097 gutur
189 1034 315 1092 trapezium
333 1033 356 1078 A
370 1033 390 1079 C
403 1032 427 1078 N
441 1033 470 1078 M
486 1031 620 1079 normaliter
636 1031 666 1080 ed
681 1033 730 1094 ple·
761 1042 842 1081 notem
863 1035 888 1081 D
909 1034 942 1092 0,
960 1050 1059 1098 querque
1075 1033 1171 1095 proindd
1188 1034 1263 1088 detur,
1286 1042 1320 1080 est
1338 1034 1388 1092 ipse

103 1113 163 1145 num
173 1096 285 1157 ecliptlcae
294 1104 402 1142 manente
413 1092 553 1151 reetiCA,
563 1104 632 1143 erunt
642 1107 730 1156 puncta
761 1096 884 1160 longitudo
904 1098 1008 1160 quesita,
1035 1114 1064 1146 ee
1084 1112 1169 1158 nempe
1194 1111 1272 1160 quam,
1297 1104 1388 1143 comete

105 1159 143 1216 M,
157 1163 180 1209 N
193 1161 243 1207 loce
253 1175 305 1206 vere
315 1169 419 1216 comete,
430 1159 450 1205 ei
461 1157 532 1205 medei
543 1169 658 1220 puuctum
670 1162 731 1208 Beit
761 1162 904 1223 aequebiliter
919 1162 980 1209 letne
996 1178 1051 1210 cum
1066 1161 1186 1209 velocitate
1197 1176 1267 1223 quem
1281 1161 1389 1208 tru'eeto·

105 1220 730 1347 ιι
761 1177 1391 1341 mummi

107 1353 138 1410 Ο,
151 1352 188 1410 N,
196 1321 231 1399 e'st
241 1352 337 1411 plenum
348 1349 484 1414 trejectoriae
495 1350 619 1406 eotneu'cae,
631 1321 743 1414 idedqud'
762 1361 866 1413 tempore
881 1305 1033 1415 quo-eddlete
1043 1368 1123 1401 arcum
1135 1353 1204 1416 cujus
1220 1303 1306 1400 o’bldlde
1323 1351 1351 1398 M
1364 1350 1390 1397 N

104 1426 167 1463 recte
179 1417 207 1463 M
220 1414 245 1462 N
257 1424 291 1461 est
301 1413 387 1462 chorda·
393 1411 461 1460 uret·
470 1412 606 1476 trejectorle
616 1416 730 1475 paraboli·
761 1415 842 1464 rererd
850 1414 969 1477 percurrit.
995 1417 1059 1465 Nem
1068 1421 1120 1479 (per
1133 1417 1187 1464 Cor.
1200 1423 1222 1463 8.
1236 1416 1306 1475 Prop.
1317 1413 1390 1475 XL.)

104 1495 140 1527 cae
151 1497 166 1528 a
176 1477 267 1527 eometi
277 1478 397 1538 descripte
412 1477 473 1524 inter
483 1478 665 1526 observationem
681 1480 728 1540 pri-
762 1480 871 1528 velocius
881 1489 978 1527 comete
988 1481 1013 1529 in
1020 1477 1068 1527 iric
1079 1478 1188 1527 dietuntii
1196 1481 1221 1527 D
1231 1479 1263 1536 0,
1272 1489 1306 1526 est
1314 1478 1344 1526 ed
1352 1495 1392 1525 ve·

105 1559 168 1591 mam
187 1552 211 1590 et
227 1543 326 1598 tertium,
344 1549 368 1588 et
386 1542 403 1588 S
421 1541 458 1596 M,
480 1541 534 1588 SN
550 1551 605 1589 eunt
619 1542 735 1590 distentiae
765 1543 883 1597 leuitatem
906 1543 1007 1591 Telluris
1027 1543 1054 1589 in
1075 1541 1185 1604 praedicti
1206 1543 1301 1590 ratione.
1345 1540 1392 1589 Sed

106 1618 204 1656 cometae
214 1622 229 1653 e
242 1606 295 1653 Sole
304 1606 330 1652 in
338 1603 495 1652 obaenetione
505 1603 581 1665 primi
591 1607 732 1654 ettertidre·
767 1609 820 1671 (per
831 1609 899 1655 Lenu
913 1607 960 1667 X.)
971 1607 1033 1655 dictu
1042 1607 1166 1669 longitudo
1177 1608 1206 1654 M
1220 1607 1241 1654 P
1252 1606 1348 1667 oequelie
1358 1615 1393 1653 eet

107 1672 213 1730 epective,
222 1671 266 1716 hoe
275 1679 315 1725 eet,
325 1668 491 1716 distentionem
496 1668 598 1730 cujusvis
604 1672 735 1730 punctitru·
766 1671 859 1720 ehordae
875 1669 942 1720 arcus
954 1687 1024 1733 quem
1041 1681 1131 1718 comete
1146 1672 1190 1718 isto
1200 1680 1304 1730 tempore
1314 1668 1392 1716 reveri

103 1733 619 1796 jectoriaecometicoeeSoleeethypothenuse
625 1733 736 1798 trianguli
767 1735 890 1793 describit,
918 1734 994 1795 quere>
1010 1735 1030 1782 ei
1057 1735 1183 1795 reperiatur
1205 1735 1234 1781 M
1256 1735 1277 1781 P
1334 1733 1394 1781 uelis

105 1798 235 1859 rectenguli
246 1797 313 1859 cujus
323 1796 423 1842 alterum
434 1795 496 1843 letus
502 1805 536 1843 est
542 1795 672 1845 distantiae
681 1799 736 1846 Sole
766 1800 859 1847 chordae
876 1800 905 1846 M
919 1800 951 1856 N,
967 1801 1012 1846 hoc
1023 1807 1064 1855 est,
1078 1799 1096 1844 si
1112 1809 1227 1859 punctum
1239 1799 1259 1845 P
1271 1749 1358 1844 inlidat
1368 1797 1393 1843 in

106 1861 197 1924 vestigii
208 1861 272 1908 illius
282 1860 363 1920 puncti
377 1859 403 1904 in
419 1858 489 1918 plano
500 1859 618 1919 eclipticae,
636 1862 735 1910 alterum
766 1872 880 1938 punctum
898 1863 923 1910 N
939 1861 1000 1910 reete
1016 1872 1161 1922 assumptum
1177 1862 1223 1909 fuit
1238 1871 1352 1921 punctum
1371 1862 1393 1908 B

105 1935 182 1972 etitem
194 1935 228 1972 est
239 1922 432 1985 perpendiculum
443 1938 471 1969 ex
482 1923 527 1969 icto
535 1925 632 1987 vestigio
642 1940 735 1972 nonne-
766 1941 792 1972 ιιι
810 1927 958 1989 longitudine
976 1925 1082 1973 secundd
1114 1929 1219 1973 ebwrvet
1237 1938 1279 1985 pro
1297 1924 1396 1988 vestigio

104 1987 198 2035 liter-ed
209 1983 306 2048 plenum
317 1985 429 2044 eclipticae
439 1984 565 2032 excitatum
576 1997 600 2035 et
615 1987 645 2035 ed
660 2003 736 2049 pune·
767 1999 872 2047 comete,
882 1987 983 2053 idedque
993 1998 1063 2036 erunt
1075 1990 1107 2045 A,
1121 1989 1150 2046 B,
1161 1989 1190 2045 C,
1202 1989 1246 2037 tria
1256 1986 1307 2037 loce
1317 2002 1395 2038 cotue·

104 2060 157 2099 tum
163 2049 460 2115 trajectoriaeterminatum¹
476 2047 541 2103 Qun
1037 2057 1041 2066 ¹

104 2113 160 2162 verd
169 2115 248 2176 ulique
262 2127 291 2160 ex
306 2112 356 2158 teu·
370 2109 541 2172 perpendiculis

105 2187 161 2225 eunt
176 2177 283 2240 longiore
300 2185 329 2224 ut
346 2175 372 2222 N
386 2175 414 2230 C,
433 2173 541 2236 quedem
611 2190 623 2205 ⁶

104 2241 209 2288 breviore
217 2250 246 2288 ut
257 2241 286 2288 M
297 2242 328 2296 A,
335 2239 396 2285 inter
405 2239 455 2284 lraec
465 2238 539 2286 medi-

57 2318 61 2328 ·
105 2321 147 2351 um
158 2304 276 2367 quoddam
286 2311 418 2363 usurpetur,
434 2301 492 2362 putd
501 2302 540 2350 nic

107 2369 120 2415 I
135 2369 166 2416 0.
196 2369 235 2416 Et
245 2366 404 2415 universaliter
414 2365 538 2427 loquendo,

59 2486 63 2493 ¹
105 2431 214 2478 dicuntia
223 2431 324 2494 cujusvis
340 2427 421 2490 puncti
434 2429 540 2490 trejecto.

95 2495 146 2542 τίω
162 2495 282 2543 comedere
300 2509 315 2540 a
330 2492 383 2541 Sole
398 2492 442 2540 erit
456 2508 539 2554 quem·

105 2559 211 2620 proxime
239 2559 400 2620 hypothenuee
427 2555 539 2618 trianguli

105 2623 234 2683 rceanguli
244 2624 312 2685 cujus
322 2620 420 2668 alterum
434 2619 495 2667 letne
505 2628 540 2668 eet

106 2687 215 2734 distentia
220 2686 301 2747 puncti
311 2684 404 2746 enulogi
410 2683 540 2745 inrestigio

106 2743 240 2812 {rejectoriee
259 2749 381 2809 descripto,
400 2754 424 2794 et
439 2747 540 2795 alterum

105 2813 166 2861 latus
176 2824 211 2861 eet
220 2814 269 2874 ipra
278 2822 340 2860 recte
351 2811 366 2859 1
379 2810 410 2859 0.
446 2811 541 2865 Quibus

105 2877 185 2938 positis
194 2879 220 2924 in
229 2878 242 2924 l
254 2877 286 2934 A,
293 2876 350 2924 eive
359 2871 472 2936 producet
477 2873 540 2936 cepi·

105 2939 538 3020 aurrn=sp÷tia=sru

105 3017 291 3067 racunu=
308 3018 330 3065 L
346 3037 372 3078 μ,
389 3016 539 3080 «jungetur

108 3084 132 3130 D
146 3082 177 3139 0,
194 3084 244 3129 hec
254 3080 429 3145 quamproxime
439 3080 539 3143 equabi-

105 3154 145 3193 tur
154 3144 234 3205 puneti
250 3145 385 3210 trajectense
395 3145 462 3208 cujus
476 3153 540 3206 peut

105 3209 358 3321 iilum}
369 3209 540 3336 ‘M‘

123 3289 153 3320 ue
169 3289 197 3320 ue
260 3288 280 3320 n
368 3287 376 3318 ι
501 3287 541 3319 rn-

106 3346 142 3383 ter
151 3346 266 3397 puuctum
276 3336 338 3384 istud
349 3343 373 3383 et
382 3335 492 3384 choum
502 3350 539 3383 ar-

106 3400 147 3448 ctis
153 3401 295 3462 trejectorlae,
303 3400 376 3459 ipsein
385 3399 472 3448 scilieet
480 3400 510 3447 M
516 3399 540 3446 N

105 3464 131 3510 in
142 3455 243 3525 trepenio
253 3465 339 3512 ACN
349 3465 386 3518 M,
396 3464 541 3520 tdoeumu

108 3529 168 3576 DO
189 3529 284 3590 aequalis
298 3536 333 3575 eet
347 3537 416 3574 reetee
432 3527 457 3573 ln
471 3527 542 3587 pleno

107 3594 241 3656 trejecloriae
260 3601 355 3639 cometa
372 3590 478 3652 enelogae
498 3590 543 3650 ipsi

110 3658 126 3703 S
136 3659 158 3704 ll
170 3657 194 3702 in
201 3657 251 3718 ejus
258 3655 356 3717 vestigio
363 3655 388 3700 in
397 3653 543 3715 plenoecllp-

109 3722 168 3777 ticee,
180 3722 224 3766 hoc
235 3728 269 3766 est
281 3720 306 3767 D
318 3720 340 3766 0
350 3718 445 3778 aequalis
452 3727 486 3765 eet
493 3733 543 3765 ree„

109 3795 140 3832 ta·
157 3785 211 3832 SR
227 3785 251 3830 iu
267 3780 376 3842 parabole
393 3783 473 3844 (Lem.
488 3782 543 3844 X.).

109 3850 164 3899 Jem
182 3851 234 3911 (per
251 3846 328 3895 Corol.
343 3853 366 3894 8.
383 3845 453 3906 Prop.
469 3846 542 3906 XL.)

110 3913 242 3961 conferetur
252 3911 360 3958 velociter
370 3920 472 3965 comae,
484 3910 543 3958 dum

110 3978 133 4023 in
141 3974 271 4036 parabolici
279 3972 543 4036 euiuejeetoriimove·

109 4040 184 4088 turin
195 4038 304 4087 distentii
314 4055 329 4086 e
341 4034 394 4086 Sole
402 4036 485 4100 aequeli
496 4053 545 4085 rec·

111 4116 142 4151 tae
159 4106 184 4152 D
197 4106 228 4158 Ο,
245 4119 300 4151 eum
310 4103 431 4151 velocitete
442 4102 545 4150 Telluri·

113 4166 174 4214 cited
194 4168 280 4225 Solem,
303 4167 466 4225 etdelinietur
488 4166 548 4214 linee
1225 4217 1231 4228 ,
1259 4217 1265 4228 ‚

19 4229 26 4236 ”
115 4246 187 4292 quem
198 4243 293 4287 comete,
306 4246 360 4278 cunr
371 4229 483 4293 predicti
494 4230 615 4279 velocitate
626 4226 748 4290 aequabili·
781 4234 812 4274 tae
822 4241 864 4286 per
875 4240 928 4288 quae
938 4222 999 4272 orbis
1011 4221 1061 4286 ejus
1073 4222 1098 4270 in
1108 4220 1179 4285 pleno
1189 4218 1300 4280 eelrpucee
1311 4217 1408 4269 describi

115 4304 246 4352 ternotus,
264 4305 408 4356 percurreret
423 4305 473 4343 toto
484 4305 646 4356 temporeque
664 4292 749 4340 Tellus
781 4289 857 4338 debet.
1164 4316 1171 4324 .

115 4368 196 4407 etcum
213 4381 229 4408 r·
243 4369 255 4407 t
271 4360 294 4407 Τ
312 4360 427 4418 describit,
446 4360 495 4406 eive
511 4369 561 4407 toto
576 4367 682 4418 tempore
701 4369 749 4417 quo
786 4416 789 4423 y

116 4435 208 4472 comete
218 4439 299 4472 ereum
317 4424 341 4471 A
355 4426 377 4473 B
391 4426 411 4473 C
428 4423 453 4469 in
464 4423 571 4484 ecliptica
586 4419 705 4484 percurrit,
722 4419 748 4465 iu
816 4418 850 4484 (¹¹)
863 4420 877 4449 l
889 4419 931 4466 Sin
943 4425 1061 4479 punctum
1073 4419 1154 4464 Prion
1165 4415 1250 4462 inridet
1260 4413 1286 4486 ip
1294 4427 1319 4474 pr
1329 4420 1410 4477 ,uum

117 4489 221 4548 partrlrus
232 4488 299 4536 erclis
311 4489 334 4536 Τ
344 4497 355 4535 t
366 4500 406 4536 ce
419 4487 515 4536 Tellure
526 4488 619 4535 interim
636 4483 746 4545 percursi-
782 4486 816 4537 N,
835 4483 862 4529 in
879 4480 942 4530 recti
961 4481 991 4528 M
1003 4482 1028 4528 N
1046 4477 1102 4527 eive
1121 4474 1240 4541 producti,
1260 4491 1280 4522 er
1295 4491 1354 4536 opus
1368 4484 1409 4534 eet,

118 4553 151 4600 ld
162 4564 241 4600 eutem
252 4552 321 4598 facile
332 4561 454 4612 preeetutur
464 4552 535 4599 modo
546 4550 658 4614 sequenti.
695 4547 749 4596 Cel·
785 4546 842 4611 (vid.
857 4546 896 4608 fig.
910 4545 1021 4621 praeced.)
1034 4545 1154 4604 cupiantur
1166 4543 1194 4616 M
1204 4542 1233 4599 P,
1243 4541 1299 4617 NP
1310 4539 1411 4601 equales

118 4617 173 4663 culo
184 4617 315 4664 invenietur
326 4615 449 4678 longitudo
460 4615 527 4662 arcus
538 4637 553 4663 e
563 4625 574 4662 t
585 4616 608 4663 T
624 4631 639 4661 ιι
656 4611 751 4660 Tellure
784 4612 824 4658 lon
841 4610 926 4658 itudini
937 4610 1001 4671 priris
1010 4617 1118 4664 rnreutoe,
1130 4617 1250 4666 cupiuntur
1260 4616 1330 4653 etrum
1343 4605 1363 4652 C
1377 4602 1408 4660 G,

118 4679 229 4756 descripti
239 4681 300 4754 inter
310 4680 492 4727 observationem
507 4681 606 4740 primum
617 4687 645 4752 et
651 4676 750 4753 tertietn,
787 4676 807 4723 C
821 4629 848 4733 N,
861 4676 961 4736 equales
972 4675 1001 4723 M
1013 4675 1041 4728 P,
1055 4673 1122 4748 NP,
1134 4669 1168 4718 iu
1178 4680 1206 4718 ut
1218 4671 1241 4718 G
1253 4678 1276 4717 et
1288 4667 1410 4779 Padidm

119 4740 755 4869 ιιιιιιιιιιιιιι
786 4734 1412 4866 ιιιιιιιιιιιιιι
