<?xml version="1.0" encoding="UTF-8"?>
<!DOCTYPE html PUBLIC "-//W3C//DTD XHTML 1.0 Transitional//EN"
    "http://www.w3.org/TR/xhtml1/DTD/xhtml1-transitional.dtd">
<html xmlns="http://www.w3.org/1999/xhtml" xml:lang="en" lang="en">
 <head>
  <title>
</title>
<meta http-equiv="Content-Type" content="text/html;charset=utf-8" />
  <meta name='ocr-system' content='tesseract 3.04.00' />
  <meta name='ocr-capabilities' content='ocr_page ocr_carea ocr_par ocr_line ocrx_word'/>
</head>
<body>
  <div class='ocr_page' id='page_1' title='image "./philosophinatur00newtgoog_0180.png"; bbox 0 0 3374 5774; ppageno 0'>
   <div class='ocr_carea' id='block_1_1' title="bbox 118 439 1398 523">
    <p class='ocr_par' dir='ltr' id='par_1_1' title="bbox 118 439 1398 523">
     <span class='ocr_line' id='line_1_1' title="bbox 118 439 1398 523; baseline 0.013 -21"><span class='ocrx_word' id='word_1_1' title='bbox 118 439 420 523; x_wconf 76' lang='lat' dir='ltr'>LrnnnTnnmus]</span> <span class='ocrx_word' id='word_1_2' title='bbox 450 444 691 522; x_wconf 84' lang='lat' dir='ltr'><strong>PRINCIPIA</strong></span> <span class='ocrx_word' id='word_1_3' title='bbox 713 449 1083 518; x_wconf 83' lang='lat' dir='ltr'>MATHEMATICA.</span> <span class='ocrx_word' id='word_1_4' title='bbox 1339 460 1398 518; x_wconf 85' lang='grc'>165</span> 
     </span>
    </p>
   </div>
   <div class='ocr_carea' id='block_1_2' title="bbox 34 608 1395 814">
    <p class='ocr_par' dir='ltr' id='par_1_2' title="bbox 34 608 1395 814">
     <span class='ocr_line' id='line_1_2' title="bbox 34 608 1395 702; baseline 0.012 -32"><span class='ocrx_word' id='word_1_5' title='bbox 34 618 36 623; x_wconf 82' lang='grc'><em>“</em></span> <span class='ocrx_word' id='word_1_6' title='bbox 113 608 163 674; x_wconf 93' lang='lat' dir='ltr'>his</span> <span class='ocrx_word' id='word_1_7' title='bbox 186 612 277 691; x_wconf 85' lang='lat' dir='ltr'>datis,</span> <span class='ocrx_word' id='word_1_8' title='bbox 304 616 423 681; x_wconf 85' lang='lat' dir='ltr'>calculo</span> <span class='ocrx_word' id='word_1_9' title='bbox 444 617 551 682; x_wconf 89' lang='lat' dir='ltr'>itidem</span> <span class='ocrx_word' id='word_1_10' title='bbox 572 619 768 685; x_wconf 85' lang='lat' dir='ltr'>arithmetico</span> <span class='ocrx_word' id='word_1_11' title='bbox 790 623 932 686; x_wconf 72' lang='lat' dir='ltr'>accurate</span> <span class='ocrx_word' id='word_1_12' title='bbox 953 625 1103 702; x_wconf 89' lang='lat' dir='ltr'>instituto,</span> <span class='ocrx_word' id='word_1_13' title='bbox 1126 625 1195 689; x_wconf 87' lang='lat' dir='ltr'>loca</span> <span class='ocrx_word' id='word_1_14' title='bbox 1209 635 1340 689; x_wconf 86' lang='lat' dir='ltr'>cometoe</span> <span class='ocrx_word' id='word_1_15' title='bbox 1354 623 1395 687; x_wconf 86' lang='lat' dir='ltr'>ad</span> 
     </span>
     <span class='ocr_line' id='line_1_3' title="bbox 112 719 942 814; baseline 0.013 -33"><span class='ocrx_word' id='word_1_16' title='bbox 112 719 361 786; x_wconf 86' lang='lat' dir='ltr'>observationum</span> <span class='ocrx_word' id='word_1_17' title='bbox 377 736 516 808; x_wconf 84' lang='lat' dir='ltr'>tempora</span> <span class='ocrx_word' id='word_1_18' title='bbox 531 722 730 810; x_wconf 59' lang='lat' dir='ltr'>computavit</span> <span class='ocrx_word' id='word_1_19' title='bbox 747 740 781 792; x_wconf 90' lang='lat' dir='ltr'>ut</span> <span class='ocrx_word' id='word_1_20' title='bbox 795 730 942 814; x_wconf 89' lang='lat' dir='ltr'>sequitur.</span> 
     </span>
    </p>
   </div>
   <div class='ocr_carea' id='block_1_3' title="bbox 80 2417 1374 4836">
    <p class='ocr_par' dir='ltr' id='par_1_3' title="bbox 88 2417 1374 3496">
     <span class='ocr_line' id='line_1_4' title="bbox 94 2417 1374 2484; baseline 0.005 -19"><span class='ocrx_word' id='word_1_21' title='bbox 94 2427 128 2466; x_wconf 87' lang='lat' dir='ltr'>est</span> <span class='ocrx_word' id='word_1_22' title='bbox 139 2418 222 2479; x_wconf 88' lang='lat' dir='ltr'>positio</span> <span class='ocrx_word' id='word_1_23' title='bbox 232 2425 301 2467; x_wconf 82' lang='lat' dir='ltr'>rectae</span> <span class='ocrx_word' id='word_1_24' title='bbox 313 2419 366 2473; x_wconf 74' lang='lat' dir='ltr'>Ta,</span> <span class='ocrx_word' id='word_1_25' title='bbox 378 2419 422 2466; x_wconf 88' lang='lat' dir='ltr'>hoc</span> <span class='ocrx_word' id='word_1_26' title='bbox 432 2425 474 2476; x_wconf 77' lang='lat' dir='ltr'>est,</span> <span class='ocrx_word' id='word_1_27' title='bbox 488 2427 584 2466; x_wconf 71' lang='lat' dir='ltr'>comete</span> <span class='ocrx_word' id='word_1_28' title='bbox 594 2417 717 2480; x_wconf 80' lang='lat' dir='ltr'>longitudo</span> <span class='ocrx_word' id='word_1_29' title='bbox 748 2433 840 2480; x_wconf 84' lang='lat' dir='ltr'>quoque</span> <span class='ocrx_word' id='word_1_30' title='bbox 846 2418 986 2467; x_wconf 87' lang='lat' dir='ltr'>obtinebitur</span> <span class='ocrx_word' id='word_1_31' title='bbox 991 2419 1078 2480; x_wconf 85' lang='lat' dir='ltr'>duplici</span> <span class='ocrx_word' id='word_1_32' title='bbox 1085 2419 1374 2484; x_wconf 73' lang='lat' dir='ltr'>elegantissimtmethodo</span> 
     </span>
     <span class='ocr_line' id='line_1_5' title="bbox 93 2481 1296 2548; baseline 0.002 -19"><span class='ocrx_word' id='word_1_33' title='bbox 93 2484 245 2544; x_wconf 79' lang='lat' dir='ltr'>geocentrim,</span> <span class='ocrx_word' id='word_1_34' title='bbox 265 2482 388 2530; x_wconf 87' lang='lat' dir='ltr'>sivelocus</span> <span class='ocrx_word' id='word_1_35' title='bbox 403 2492 499 2529; x_wconf 76' lang='lat' dir='ltr'>comete</span> <span class='ocrx_word' id='word_1_36' title='bbox 514 2483 671 2543; x_wconf 82' lang='lat' dir='ltr'>geocentriem</span> <span class='ocrx_word' id='word_1_37' title='bbox 686 2481 717 2528; x_wconf 85' lang='lat' dir='ltr'>ad</span> <span class='ocrx_word' id='word_1_38' title='bbox 748 2483 837 2545; x_wconf 86' lang='lat' dir='ltr'>quaein</span> <span class='ocrx_word' id='word_1_39' title='bbox 849 2483 960 2530; x_wconf 81' lang='lat' dir='ltr'>Monam.</span> <span class='ocrx_word' id='word_1_40' title='bbox 975 2483 1048 2530; x_wconf 86' lang='lat' dir='ltr'>Paris.</span> <span class='ocrx_word' id='word_1_41' title='bbox 1062 2484 1113 2531; x_wconf 88' lang='lat' dir='ltr'>loco</span> <span class='ocrx_word' id='word_1_42' title='bbox 1124 2485 1193 2532; x_wconf 83' lang='lat' dir='ltr'>citato</span> <span class='ocrx_word' id='word_1_43' title='bbox 1204 2486 1296 2548; x_wconf 83' lang='lat' dir='ltr'>legitur.</span> 
     </span>
     <span class='ocr_line' id='line_1_6' title="bbox 93 2545 1372 2611; baseline 0.005 -19"><span class='ocrx_word' id='word_1_44' title='bbox 93 2546 222 2607; x_wconf 77' lang='lat' dir='ltr'>eclipticam</span> <span class='ocrx_word' id='word_1_45' title='bbox 233 2547 348 2595; x_wconf 87' lang='lat' dir='ltr'>reductus.</span> <span class='ocrx_word' id='word_1_46' title='bbox 384 2545 513 2593; x_wconf 73' lang='lat' dir='ltr'>nerstein</span> <span class='ocrx_word' id='word_1_47' title='bbox 525 2546 641 2607; x_wconf 81' lang='lat' dir='ltr'>triangulo</span> <span class='ocrx_word' id='word_1_48' title='bbox 657 2555 716 2592; x_wconf 88' lang='lat' dir='ltr'>rect·</span> <span class='ocrx_word' id='word_1_49' title='bbox 782 2546 830 2591; x_wconf 83' lang='lat' dir='ltr'>His</span> <span class='ocrx_word' id='word_1_50' title='bbox 845 2546 974 2605; x_wconf 73' lang='lat' dir='ltr'>premissis,</span> <span class='ocrx_word' id='word_1_51' title='bbox 991 2547 1021 2593; x_wconf 84' lang='lat' dir='ltr'>sit</span> <span class='ocrx_word' id='word_1_52' title='bbox 1038 2548 1113 2604; x_wconf 69' lang='grc'><strong>8801,</strong></span> <span class='ocrx_word' id='word_1_53' title='bbox 1132 2549 1176 2596; x_wconf 89' lang='lat' dir='ltr'>Cc</span> <span class='ocrx_word' id='word_1_54' title='bbox 1191 2549 1275 2611; x_wconf 81' lang='lat' dir='ltr'>exigua</span> <span class='ocrx_word' id='word_1_55' title='bbox 1291 2550 1372 2598; x_wconf 78' lang='lat' dir='ltr'>orbitae</span> 
     </span>
     <span class='ocr_line' id='line_1_7' title="bbox 93 2608 1371 2672; baseline 0.003 -16"><span class='ocrx_word' id='word_1_56' title='bbox 93 2611 181 2672; x_wconf 87' lang='lat' dir='ltr'>angulo</span> <span class='ocrx_word' id='word_1_57' title='bbox 198 2611 222 2659; x_wconf 82' lang='lat' dir='ltr'>A</span> <span class='ocrx_word' id='word_1_58' title='bbox 238 2627 253 2658; x_wconf 82' lang='lat' dir='ltr'>a</span> <span class='ocrx_word' id='word_1_59' title='bbox 270 2612 299 2667; x_wconf 87' lang='lat' dir='ltr'>T,</span> <span class='ocrx_word' id='word_1_60' title='bbox 319 2610 404 2657; x_wconf 89' lang='lat' dir='ltr'>dantur</span> <span class='ocrx_word' id='word_1_61' title='bbox 419 2610 491 2656; x_wconf 81' lang='lat' dir='ltr'>latere</span> <span class='ocrx_word' id='word_1_62' title='bbox 508 2609 556 2656; x_wconf 93' lang='lat' dir='ltr'>duo</span> <span class='ocrx_word' id='word_1_63' title='bbox 573 2608 717 2668; x_wconf 84' lang='lat' dir='ltr'>inpartibus</span> <span class='ocrx_word' id='word_1_64' title='bbox 749 2610 867 2656; x_wconf 77' lang='lat' dir='ltr'>comotione</span> <span class='ocrx_word' id='word_1_65' title='bbox 877 2610 952 2670; x_wconf 88' lang='lat' dir='ltr'>portio</span> <span class='ocrx_word' id='word_1_66' title='bbox 962 2625 990 2657; x_wconf 82' lang='lat' dir='ltr'>ex</span> <span class='ocrx_word' id='word_1_67' title='bbox 1002 2611 1076 2658; x_wconf 88' lang='lat' dir='ltr'>tribus</span> <span class='ocrx_word' id='word_1_68' title='bbox 1091 2613 1286 2660; x_wconf 82' lang='lat' dir='ltr'>observationibus</span> <span class='ocrx_word' id='word_1_69' title='bbox 1297 2613 1371 2660; x_wconf 89' lang='lat' dir='ltr'>deter-</span> 
     </span>
     <span class='ocr_line' id='line_1_8' title="bbox 92 2671 1371 2732; baseline 0.003 -13"><span class='ocrx_word' id='word_1_70' title='bbox 92 2673 215 2721; x_wconf 87' lang='lat' dir='ltr'>mediocris</span> <span class='ocrx_word' id='word_1_71' title='bbox 237 2674 352 2721; x_wconf 78' lang='lat' dir='ltr'>distantiae</span> <span class='ocrx_word' id='word_1_72' title='bbox 374 2673 476 2720; x_wconf 82' lang='lat' dir='ltr'>Telluris</span> <span class='ocrx_word' id='word_1_73' title='bbox 497 2689 511 2720; x_wconf 79' lang='lat' dir='ltr'>a</span> <span class='ocrx_word' id='word_1_74' title='bbox 534 2671 587 2719; x_wconf 82' lang='lat' dir='ltr'>Sole</span> <span class='ocrx_word' id='word_1_75' title='bbox 610 2687 716 2732; x_wconf 83' lang='lat' dir='ltr'>expressa</span> <span class='ocrx_word' id='word_1_76' title='bbox 748 2673 841 2719; x_wconf 79' lang='lat' dir='ltr'>minata</span> <span class='ocrx_word' id='word_1_77' title='bbox 876 2674 994 2728; x_wconf 82' lang='lat' dir='ltr'>Quoniam</span> <span class='ocrx_word' id='word_1_78' title='bbox 1006 2685 1061 2721; x_wconf 85' lang='lat' dir='ltr'>nota</span> <span class='ocrx_word' id='word_1_79' title='bbox 1071 2685 1104 2722; x_wconf 79' lang='lat' dir='ltr'>est</span> <span class='ocrx_word' id='word_1_80' title='bbox 1118 2677 1134 2723; x_wconf 88' lang='grc'><strong>8</strong></span> <span class='ocrx_word' id='word_1_81' title='bbox 1148 2676 1175 2732; x_wconf 90' lang='lat' dir='ltr'>C,</span> <span class='ocrx_word' id='word_1_82' title='bbox 1193 2675 1301 2722; x_wconf 83' lang='lat' dir='ltr'>distantia</span> <span class='ocrx_word' id='word_1_83' title='bbox 1312 2677 1371 2723; x_wconf 87' lang='lat' dir='ltr'>scili·</span> 
     </span>
     <span class='ocr_line' id='line_1_9' title="bbox 93 2734 1371 2802; baseline -0.001 -19"><span class='ocrx_word' id='word_1_84' title='bbox 93 2740 159 2799; x_wconf 81' lang='lat'>(158.</span> <span class='ocrx_word' id='word_1_85' title='bbox 173 2747 234 2784; x_wconf 84' lang='lat' dir='ltr'>etex</span> <span class='ocrx_word' id='word_1_86' title='bbox 246 2737 335 2784; x_wconf 73' lang='lat' dir='ltr'>theoriis</span> <span class='ocrx_word' id='word_1_87' title='bbox 346 2736 466 2797; x_wconf 75' lang='lat' dir='ltr'>Telluris).</span> <span class='ocrx_word' id='word_1_88' title='bbox 499 2734 578 2790; x_wconf 77' lang='lat' dir='ltr'>Quard</span> <span class='ocrx_word' id='word_1_89' title='bbox 588 2734 715 2783; x_wconf 81' lang='lat' dir='ltr'>innotescet</span> <span class='ocrx_word' id='word_1_90' title='bbox 748 2746 784 2782; x_wconf 87' lang='lat' dir='ltr'>cet</span> <span class='ocrx_word' id='word_1_91' title='bbox 795 2745 914 2784; x_wconf 75' lang='lat' dir='ltr'>cometes</span> <span class='ocrx_word' id='word_1_92' title='bbox 926 2737 987 2793; x_wconf 88' lang='lat' dir='ltr'>Sole,</span> <span class='ocrx_word' id='word_1_93' title='bbox 1004 2737 1073 2799; x_wconf 72' lang='lat' dir='ltr'>atque</span> <span class='ocrx_word' id='word_1_94' title='bbox 1083 2739 1152 2785; x_wconf 87' lang='lat' dir='ltr'>etiam</span> <span class='ocrx_word' id='word_1_95' title='bbox 1164 2739 1285 2786; x_wconf 72' lang='lat' dir='ltr'>innotescit</span> <span class='ocrx_word' id='word_1_96' title='bbox 1296 2755 1371 2802; x_wconf 84' lang='lat' dir='ltr'>angu.</span> 
     </span>
     <span class='ocr_line' id='line_1_10' title="bbox 92 2798 1372 2865; baseline 0.005 -19"><span class='ocrx_word' id='word_1_97' title='bbox 92 2802 193 2862; x_wconf 83' lang='lat' dir='ltr'>angulus</span> <span class='ocrx_word' id='word_1_98' title='bbox 211 2805 234 2849; x_wconf 76' lang='lat' dir='ltr'>A</span> <span class='ocrx_word' id='word_1_99' title='bbox 248 2802 301 2858; x_wconf 87' lang='lat' dir='ltr'>Ta,</span> <span class='ocrx_word' id='word_1_100' title='bbox 317 2803 361 2847; x_wconf 93' lang='lat' dir='ltr'>hoc</span> <span class='ocrx_word' id='word_1_101' title='bbox 377 2810 417 2854; x_wconf 79' lang='lat' dir='ltr'>est,</span> <span class='ocrx_word' id='word_1_102' title='bbox 434 2809 531 2846; x_wconf 86' lang='lat' dir='ltr'>cometae</span> <span class='ocrx_word' id='word_1_103' title='bbox 546 2799 643 2846; x_wconf 88' lang='lat' dir='ltr'>latitudo</span> <span class='ocrx_word' id='word_1_104' title='bbox 658 2815 713 2863; x_wconf 84' lang='lat' dir='ltr'>geo·</span> <span class='ocrx_word' id='word_1_105' title='bbox 747 2798 785 2845; x_wconf 90' lang='lat' dir='ltr'>lus</span> <span class='ocrx_word' id='word_1_106' title='bbox 797 2800 813 2844; x_wconf 89' lang='lat' dir='ltr'>S</span> <span class='ocrx_word' id='word_1_107' title='bbox 826 2801 845 2846; x_wconf 88' lang='lat' dir='ltr'>C</span> <span class='ocrx_word' id='word_1_108' title='bbox 858 2800 891 2855; x_wconf 90' lang='lat' dir='ltr'>D,</span> <span class='ocrx_word' id='word_1_109' title='bbox 907 2800 999 2847; x_wconf 84' lang='lat' dir='ltr'>dabitur</span> <span class='ocrx_word' id='word_1_110' title='bbox 1014 2802 1208 2862; x_wconf 78' lang='lat' dir='ltr'>perpendicularis</span> <span class='ocrx_word' id='word_1_111' title='bbox 1220 2803 1236 2850; x_wconf 91' lang='grc'><strong>8</strong></span> <span class='ocrx_word' id='word_1_112' title='bbox 1249 2803 1284 2859; x_wconf 92' lang='lat' dir='ltr'>D,</span> <span class='ocrx_word' id='word_1_113' title='bbox 1302 2804 1372 2865; x_wconf 76' lang='lat' dir='ltr'>huJus</span> 
     </span>
     <span class='ocr_line' id='line_1_11' title="bbox 91 2862 1368 2926; baseline 0.004 -16"><span class='ocrx_word' id='word_1_114' title='bbox 91 2864 198 2921; x_wconf 70' lang='lat' dir='ltr'>cantrices,</span> <span class='ocrx_word' id='word_1_115' title='bbox 220 2865 322 2925; x_wconf 76' lang='lat' dir='ltr'>itemque</span> <span class='ocrx_word' id='word_1_116' title='bbox 344 2862 435 2910; x_wconf 86' lang='lat' dir='ltr'>dabitur</span> <span class='ocrx_word' id='word_1_117' title='bbox 456 2864 616 2922; x_wconf 77' lang='lat' dir='ltr'>hypothenusa</span> <span class='ocrx_word' id='word_1_118' title='bbox 639 2864 661 2910; x_wconf 89' lang='lat' dir='ltr'>T</span> <span class='ocrx_word' id='word_1_119' title='bbox 682 2867 712 2918; x_wconf 85' lang='grc' dir='ltr'>Α,</span> <span class='ocrx_word' id='word_1_120' title='bbox 746 2862 827 2924; x_wconf 72' lang='lat' dir='ltr'>anguli</span> <span class='ocrx_word' id='word_1_121' title='bbox 848 2863 898 2911; x_wconf 85' lang='lat' dir='ltr'>SC</span> <span class='ocrx_word' id='word_1_122' title='bbox 912 2864 936 2910; x_wconf 92' lang='lat' dir='ltr'>D</span> <span class='ocrx_word' id='word_1_123' title='bbox 953 2865 1024 2920; x_wconf 88' lang='lat' dir='ltr'>sinus,</span> <span class='ocrx_word' id='word_1_124' title='bbox 1041 2876 1134 2926; x_wconf 86' lang='lat' dir='ltr'>sumpto</span> <span class='ocrx_word' id='word_1_125' title='bbox 1155 2866 1171 2913; x_wconf 90' lang='grc'><strong>8</strong></span> <span class='ocrx_word' id='word_1_126' title='bbox 1189 2868 1216 2922; x_wconf 83' lang='lat' dir='ltr'>C,</span> <span class='ocrx_word' id='word_1_127' title='bbox 1236 2881 1278 2926; x_wconf 89' lang='lat' dir='ltr'>pro</span> <span class='ocrx_word' id='word_1_128' title='bbox 1295 2867 1368 2916; x_wconf 87' lang='lat' dir='ltr'>radio.</span> 
     </span>
     <span class='ocr_line' id='line_1_12' title="bbox 91 2923 1371 2992; baseline 0.003 -19"><span class='ocrx_word' id='word_1_129' title='bbox 91 2926 198 2974; x_wconf 82' lang='lat' dir='ltr'>distantia</span> <span class='ocrx_word' id='word_1_130' title='bbox 209 2927 296 2974; x_wconf 90' lang='lat' dir='ltr'>scilicet</span> <span class='ocrx_word' id='word_1_131' title='bbox 306 2937 402 2974; x_wconf 84' lang='lat' dir='ltr'>cometae</span> <span class='ocrx_word' id='word_1_132' title='bbox 413 2943 427 2973; x_wconf 87' lang='lat' dir='ltr'>a</span> <span class='ocrx_word' id='word_1_133' title='bbox 439 2923 519 2973; x_wconf 75' lang='lat' dir='ltr'>Terri.</span> <span class='ocrx_word' id='word_1_134' title='bbox 547 2926 714 2989; x_wconf 85' lang='lat' dir='ltr'>Exhisitequc</span> <span class='ocrx_word' id='word_1_135' title='bbox 749 2927 849 2973; x_wconf 81' lang='lat' dir='ltr'>Dicatur</span> <span class='ocrx_word' id='word_1_136' title='bbox 861 2927 953 2975; x_wconf 83' lang='lat' dir='ltr'>SC:</span> <span class='ocrx_word' id='word_1_137' title='bbox 964 2944 984 2983; x_wconf 85' lang='lat' dir='ltr'>a,</span> <span class='ocrx_word' id='word_1_138' title='bbox 999 2930 1015 2976; x_wconf 92' lang='grc'><strong>8</strong></span> <span class='ocrx_word' id='word_1_139' title='bbox 1029 2929 1273 2992; x_wconf 81' lang='lat' dir='ltr'>D=b‚designete‚</span> <span class='ocrx_word' id='word_1_140' title='bbox 1286 2934 1371 2990; x_wconf 85' lang='lat' dir='ltr'>spatio-</span> 
     </span>
     <span class='ocr_line' id='line_1_13' title="bbox 90 2988 1371 3056; baseline 0.005 -20"><span class='ocrx_word' id='word_1_141' title='bbox 90 2999 153 3049; x_wconf 83' lang='lat' dir='ltr'>patet</span> <span class='ocrx_word' id='word_1_142' title='bbox 168 2990 286 3053; x_wconf 87' lang='lat' dir='ltr'>quomodo</span> <span class='ocrx_word' id='word_1_143' title='bbox 301 2990 330 3037; x_wconf 81' lang='lat' dir='ltr'>ad</span> <span class='ocrx_word' id='word_1_144' title='bbox 346 2989 399 3036; x_wconf 78' lang='lat' dir='ltr'>data</span> <span class='ocrx_word' id='word_1_145' title='bbox 409 2989 593 3037; x_wconf 78' lang='lat' dir='ltr'>observationum</span> <span class='ocrx_word' id='word_1_146' title='bbox 604 2999 714 3051; x_wconf 78' lang='lat' dir='ltr'>tempora,</span> <span class='ocrx_word' id='word_1_147' title='bbox 749 2988 801 3036; x_wconf 90' lang='lat' dir='ltr'>lum</span> <span class='ocrx_word' id='word_1_148' title='bbox 831 2991 851 3039; x_wconf 88' lang='lat' dir='ltr'>C</span> <span class='ocrx_word' id='word_1_149' title='bbox 872 3005 892 3047; x_wconf 85' lang='lat' dir='ltr'>c,</span> <span class='ocrx_word' id='word_1_150' title='bbox 920 2993 1066 3054; x_wconf 79' lang='lat' dir='ltr'>tempusculo</span> <span class='ocrx_word' id='word_1_151' title='bbox 1091 2993 1105 3040; x_wconf 83' lang='lat' dir='ltr'>f</span> <span class='ocrx_word' id='word_1_152' title='bbox 1127 3008 1269 3055; x_wconf 83' lang='lat' dir='ltr'>percursam,</span> <span class='ocrx_word' id='word_1_153' title='bbox 1297 2995 1371 3056; x_wconf 85' lang='lat' dir='ltr'>sitque</span> 
     </span>
     <span class='ocr_line' id='line_1_14' title="bbox 89 3054 711 3114; baseline 0.005 -16"><span class='ocrx_word' id='word_1_154' title='bbox 89 3055 195 3101; x_wconf 90' lang='lat' dir='ltr'>instituto</span> <span class='ocrx_word' id='word_1_155' title='bbox 207 3054 301 3109; x_wconf 86' lang='lat' dir='ltr'>calculo,</span> <span class='ocrx_word' id='word_1_156' title='bbox 314 3054 365 3101; x_wconf 87' lang='lat' dir='ltr'>loca</span> <span class='ocrx_word' id='word_1_157' title='bbox 376 3062 471 3100; x_wconf 85' lang='lat' dir='ltr'>cometae</span> <span class='ocrx_word' id='word_1_158' title='bbox 479 3054 567 3114; x_wconf 80' lang='lat' dir='ltr'>possint</span> <span class='ocrx_word' id='word_1_159' title='bbox 576 3055 711 3111; x_wconf 87' lang='lat' dir='ltr'>computari.</span> 
     </span>
     <span class='ocr_line' id='line_1_15' title="bbox 93 3117 711 3176; baseline -0.002 -11"><span class='ocrx_word' id='word_1_160' title='bbox 93 3117 184 3165; x_wconf 73' lang='lat' dir='ltr'>clariss.</span> <span class='ocrx_word' id='word_1_161' title='bbox 200 3117 310 3165; x_wconf 85' lang='lat' dir='ltr'>Halleius</span> <span class='ocrx_word' id='word_1_162' title='bbox 325 3117 406 3164; x_wconf 87' lang='lat' dir='ltr'>iisdem</span> <span class='ocrx_word' id='word_1_163' title='bbox 418 3133 474 3163; x_wconf 83' lang='lat' dir='ltr'>usus</span> <span class='ocrx_word' id='word_1_164' title='bbox 485 3117 604 3176; x_wconf 84' lang='lat' dir='ltr'>principiis</span> <span class='ocrx_word' id='word_1_165' title='bbox 615 3117 645 3164; x_wconf 85' lang='lat' dir='ltr'>ad</span> <span class='ocrx_word' id='word_1_166' title='bbox 656 3118 711 3164; x_wconf 85' lang='lat' dir='ltr'>deli-</span> 
     </span>
     <span class='ocr_line' id='line_1_16' title="bbox 90 3180 715 3238; baseline 0.005 -12"><span class='ocrx_word' id='word_1_167' title='bbox 90 3181 188 3228; x_wconf 88' lang='lat' dir='ltr'>niendos</span> <span class='ocrx_word' id='word_1_168' title='bbox 203 3192 346 3229; x_wconf 91' lang='lat' dir='ltr'>cometarum</span> <span class='ocrx_word' id='word_1_169' title='bbox 361 3191 438 3238; x_wconf 83' lang='lat' dir='ltr'>motus</span> <span class='ocrx_word' id='word_1_170' title='bbox 449 3180 551 3227; x_wconf 82' lang='lat' dir='ltr'>marimo</span> <span class='ocrx_word' id='word_1_171' title='bbox 562 3182 638 3227; x_wconf 85' lang='lat' dir='ltr'>labore</span> <span class='ocrx_word' id='word_1_172' title='bbox 648 3184 715 3229; x_wconf 87' lang='lat' dir='ltr'>tabu-</span> 
     </span>
     <span class='ocr_line' id='line_1_17' title="bbox 91 3244 714 3297; baseline 0.003 -7"><span class='ocrx_word' id='word_1_173' title='bbox 91 3244 126 3290; x_wconf 82' lang='lat' dir='ltr'>las</span> <span class='ocrx_word' id='word_1_174' title='bbox 136 3245 271 3293; x_wconf 78' lang='lat' dir='ltr'>construxit.</span> <span class='ocrx_word' id='word_1_175' title='bbox 308 3246 401 3297; x_wconf 82' lang='lat' dir='ltr'>Harum</span> <span class='ocrx_word' id='word_1_176' title='bbox 412 3244 542 3291; x_wconf 84' lang='lat' dir='ltr'>tabularum</span> <span class='ocrx_word' id='word_1_177' title='bbox 559 3259 665 3291; x_wconf 88' lang='lat' dir='ltr'>normam</span> <span class='ocrx_word' id='word_1_178' title='bbox 681 3246 714 3292; x_wconf 87' lang='lat' dir='ltr'>ri-</span> 
     </span>
     <span class='ocr_line' id='line_1_18' title="bbox 89 3308 715 3371; baseline 0.002 -16"><span class='ocrx_word' id='word_1_179' title='bbox 89 3308 143 3355; x_wconf 86' lang='lat' dir='ltr'>deat</span> <span class='ocrx_word' id='word_1_180' title='bbox 155 3308 226 3355; x_wconf 88' lang='lat' dir='ltr'>lector</span> <span class='ocrx_word' id='word_1_181' title='bbox 236 3309 260 3354; x_wconf 90' lang='lat' dir='ltr'>in</span> <span class='ocrx_word' id='word_1_182' title='bbox 272 3309 374 3371; x_wconf 85' lang='lat' dir='ltr'>ejusdem</span> <span class='ocrx_word' id='word_1_183' title='bbox 386 3308 527 3354; x_wconf 81' lang='lat' dir='ltr'>celeberrimi</span> <span class='ocrx_word' id='word_1_184' title='bbox 537 3308 579 3353; x_wconf 82' lang='lat' dir='ltr'>viri</span> <span class='ocrx_word' id='word_1_185' title='bbox 594 3308 715 3368; x_wconf 83' lang='lat' dir='ltr'>opusculo</span> 
     </span>
     <span class='ocr_line' id='line_1_19' title="bbox 88 3371 713 3435; baseline 0 -17"><span class='ocrx_word' id='word_1_186' title='bbox 88 3372 152 3434; x_wconf 92' lang='lat' dir='ltr'>quod</span> <span class='ocrx_word' id='word_1_187' title='bbox 164 3372 308 3419; x_wconf 85' lang='lat' dir='ltr'>inscribitur:</span> <span class='ocrx_word' id='word_1_188' title='bbox 330 3371 530 3435; x_wconf 83' lang='lat' dir='ltr'>Cometographia,</span> <span class='ocrx_word' id='word_1_189' title='bbox 547 3387 588 3419; x_wconf 87' lang='lat' dir='ltr'>seu</span> <span class='ocrx_word' id='word_1_190' title='bbox 601 3376 713 3419; x_wconf 78' lang='lat' dir='ltr'>Astrono·</span> 
     </span>
     <span class='ocr_line' id='line_1_20' title="bbox 89 3435 451 3496; baseline -0.006 -14"><span class='ocrx_word' id='word_1_191' title='bbox 89 3436 143 3482; x_wconf 86' lang='lat' dir='ltr'>miae</span> <span class='ocrx_word' id='word_1_192' title='bbox 157 3435 282 3483; x_wconf 81' lang='lat' dir='ltr'>Cometicae</span> <span class='ocrx_word' id='word_1_193' title='bbox 294 3436 411 3496; x_wconf 85' lang='lat' dir='ltr'>Synopsis.</span> <span class='ocrx_word' id='word_1_194' title='bbox 427 3467 451 3492; x_wconf 46' lang='lat'>2..</span> 
     </span>
    </p>

    <p class='ocr_par' dir='ltr' id='par_1_4' title="bbox 80 3497 713 4134">
     <span class='ocr_line' id='line_1_21' title="bbox 123 3497 713 3559; baseline -0.002 -13"><span class='ocrx_word' id='word_1_195' title='bbox 123 3506 174 3547; x_wconf 62' lang='grc'>168</span> <span class='ocrx_word' id='word_1_196' title='bbox 192 3501 216 3547; x_wconf 86' lang='grc' dir='ltr'><strong>8ἰ</strong></span> <span class='ocrx_word' id='word_1_197' title='bbox 228 3510 324 3546; x_wconf 79' lang='lat' dir='ltr'>comatre</span> <span class='ocrx_word' id='word_1_198' title='bbox 335 3500 420 3547; x_wconf 82' lang='lat' dir='ltr'>orbitas</span> <span class='ocrx_word' id='word_1_199' title='bbox 430 3498 542 3559; x_wconf 88' lang='lat' dir='ltr'>ellipticas</span> <span class='ocrx_word' id='word_1_200' title='bbox 552 3497 679 3546; x_wconf 84' lang='lat' dir='ltr'>describere</span> <span class='ocrx_word' id='word_1_201' title='bbox 690 3505 713 3545; x_wconf 87' lang='lat' dir='ltr'>et</span> 
     </span>
     <span class='ocr_line' id='line_1_22' title="bbox 90 3561 711 3624; baseline -0.002 -15"><span class='ocrx_word' id='word_1_202' title='bbox 90 3561 147 3609; x_wconf 90' lang='lat' dir='ltr'>duas</span> <span class='ocrx_word' id='word_1_203' title='bbox 159 3563 257 3622; x_wconf 85' lang='lat' dir='ltr'>Kepleri</span> <span class='ocrx_word' id='word_1_204' title='bbox 269 3562 331 3624; x_wconf 80' lang='lat' dir='ltr'>leger</span> <span class='ocrx_word' id='word_1_205' title='bbox 342 3565 460 3609; x_wconf 84' lang='lat' dir='ltr'>observare</span> <span class='ocrx_word' id='word_1_206' title='bbox 476 3571 599 3620; x_wconf 87' lang='lat' dir='ltr'>ponantur,</span> <span class='ocrx_word' id='word_1_207' title='bbox 615 3563 659 3608; x_wconf 89' lang='lat' dir='ltr'>boc</span> <span class='ocrx_word' id='word_1_208' title='bbox 669 3570 711 3618; x_wconf 75' lang='lat' dir='ltr'>ert,</span> 
     </span>
     <span class='ocr_line' id='line_1_23' title="bbox 88 3624 712 3687; baseline -0.002 -15"><span class='ocrx_word' id='word_1_209' title='bbox 88 3627 108 3672; x_wconf 89' lang='lat' dir='ltr'>si</span> <span class='ocrx_word' id='word_1_210' title='bbox 119 3637 249 3687; x_wconf 76' lang='lat' dir='ltr'>temporum</span> <span class='ocrx_word' id='word_1_211' title='bbox 263 3624 432 3685; x_wconf 90' lang='lat' dir='ltr'>periodicorum</span> <span class='ocrx_word' id='word_1_212' title='bbox 443 3624 554 3686; x_wconf 85' lang='lat' dir='ltr'>quadrata</span> <span class='ocrx_word' id='word_1_213' title='bbox 565 3626 612 3671; x_wconf 87' lang='lat' dir='ltr'>sint</span> <span class='ocrx_word' id='word_1_214' title='bbox 622 3634 649 3672; x_wconf 92' lang='lat' dir='ltr'>ut</span> <span class='ocrx_word' id='word_1_215' title='bbox 659 3625 712 3672; x_wconf 92' lang='lat' dir='ltr'>cubi</span> 
     </span>
     <span class='ocr_line' id='line_1_24' title="bbox 80 3688 713 3748; baseline 0.002 -14"><span class='ocrx_word' id='word_1_216' title='bbox 80 3690 239 3737; x_wconf 85' lang='lat' dir='ltr'>&#39;mediocrium</span> <span class='ocrx_word' id='word_1_217' title='bbox 251 3689 411 3736; x_wconf 78' lang='lat' dir='ltr'>distantiarum</span> <span class='ocrx_word' id='word_1_218' title='bbox 421 3706 436 3736; x_wconf 92' lang='lat' dir='ltr'>a</span> <span class='ocrx_word' id='word_1_219' title='bbox 448 3689 509 3745; x_wconf 88' lang='lat' dir='ltr'>Sole,</span> <span class='ocrx_word' id='word_1_220' title='bbox 525 3698 548 3734; x_wconf 88' lang='lat' dir='ltr'>et</span> <span class='ocrx_word' id='word_1_221' title='bbox 559 3704 618 3736; x_wconf 83' lang='lat' dir='ltr'>areae</span> <span class='ocrx_word' id='word_1_222' title='bbox 629 3688 713 3748; x_wconf 87' lang='lat' dir='ltr'>ellipti-</span> 
     </span>
     <span class='ocr_line' id='line_1_25' title="bbox 89 3752 712 3812; baseline -0.002 -13"><span class='ocrx_word' id='word_1_223' title='bbox 89 3768 121 3799; x_wconf 81' lang='lat' dir='ltr'>coe</span> <span class='ocrx_word' id='word_1_224' title='bbox 133 3754 202 3801; x_wconf 85' lang='lat' dir='ltr'>radiis</span> <span class='ocrx_word' id='word_1_225' title='bbox 213 3753 244 3800; x_wconf 90' lang='lat' dir='ltr'>ad</span> <span class='ocrx_word' id='word_1_226' title='bbox 255 3753 333 3800; x_wconf 84' lang='lat' dir='ltr'>Solem</span> <span class='ocrx_word' id='word_1_227' title='bbox 348 3752 425 3801; x_wconf 86' lang='lat' dir='ltr'>ductis</span> <span class='ocrx_word' id='word_1_228' title='bbox 440 3753 487 3799; x_wconf 87' lang='lat' dir='ltr'>sint</span> <span class='ocrx_word' id='word_1_229' title='bbox 502 3753 644 3812; x_wconf 82' lang='lat' dir='ltr'>temporibus</span> <span class='ocrx_word' id='word_1_230' title='bbox 659 3767 712 3812; x_wconf 89' lang='lat' dir='ltr'>pro·</span> 
     </span>
     <span class='ocr_line' id='line_1_26' title="bbox 88 3815 712 3878; baseline 0 -15"><span class='ocrx_word' id='word_1_231' title='bbox 88 3817 237 3878; x_wconf 85' lang='lat' dir='ltr'>portionales,</span> <span class='ocrx_word' id='word_1_232' title='bbox 249 3816 316 3864; x_wconf 74' lang='lat' dir='ltr'>facile</span> <span class='ocrx_word' id='word_1_233' title='bbox 327 3815 516 3863; x_wconf 85' lang='lat' dir='ltr'>determinabitur</span> <span class='ocrx_word' id='word_1_234' title='bbox 521 3816 606 3863; x_wconf 74' lang='lat' dir='ltr'>orbitae</span> <span class='ocrx_word' id='word_1_235' title='bbox 616 3817 712 3863; x_wconf 87' lang='lat' dir='ltr'>cometi-</span> 
     </span>
     <span class='ocr_line' id='line_1_27' title="bbox 88 3877 712 3943; baseline -0.002 -16"><span class='ocrx_word' id='word_1_236' title='bbox 88 3895 122 3927; x_wconf 82' lang='lat' dir='ltr'>cae</span> <span class='ocrx_word' id='word_1_237' title='bbox 133 3880 278 3943; x_wconf 79' lang='lat' dir='ltr'>magnitudo,</span> <span class='ocrx_word' id='word_1_238' title='bbox 291 3895 417 3942; x_wconf 86' lang='lat' dir='ltr'>omnesque</span> <span class='ocrx_word' id='word_1_239' title='bbox 427 3877 505 3926; x_wconf 74' lang='lat' dir='ltr'>motis</span> <span class='ocrx_word' id='word_1_240' title='bbox 515 3888 657 3927; x_wconf 86' lang='lat' dir='ltr'>cometarum</span> <span class='ocrx_word' id='word_1_241' title='bbox 668 3880 712 3926; x_wconf 85' lang='lat' dir='ltr'>cir·</span> 
     </span>
     <span class='ocr_line' id='line_1_28' title="bbox 87 3941 711 4007; baseline -0.005 -16"><span class='ocrx_word' id='word_1_242' title='bbox 87 3945 231 3992; x_wconf 84' lang='lat' dir='ltr'>cumstantiae</span> <span class='ocrx_word' id='word_1_243' title='bbox 242 3945 388 4001; x_wconf 83' lang='lat' dir='ltr'>definientur,</span> <span class='ocrx_word' id='word_1_244' title='bbox 402 3943 464 4007; x_wconf 89' lang='lat' dir='ltr'>quod</span> <span class='ocrx_word' id='word_1_245' title='bbox 473 3941 643 4005; x_wconf 71' lang='lat' dir='ltr'>elegantissime</span> <span class='ocrx_word' id='word_1_246' title='bbox 652 3958 711 4003; x_wconf 74' lang='lat' dir='ltr'>pre-</span> 
     </span>
     <span class='ocr_line' id='line_1_29' title="bbox 86 4007 707 4072; baseline 0.002 -19"><span class='ocrx_word' id='word_1_247' title='bbox 86 4008 145 4055; x_wconf 88' lang='lat' dir='ltr'>stitit</span> <span class='ocrx_word' id='word_1_248' title='bbox 156 4010 190 4055; x_wconf 93' lang='lat' dir='ltr'>D.</span> <span class='ocrx_word' id='word_1_249' title='bbox 205 4010 317 4072; x_wconf 83' lang='lat' dir='ltr'>Bouguer</span> <span class='ocrx_word' id='word_1_250' title='bbox 332 4009 358 4053; x_wconf 90' lang='lat' dir='ltr'>in</span> <span class='ocrx_word' id='word_1_251' title='bbox 375 4009 485 4055; x_wconf 82' lang='lat' dir='ltr'>Monum.</span> <span class='ocrx_word' id='word_1_252' title='bbox 499 4007 571 4055; x_wconf 83' lang='lat' dir='ltr'>Paris.</span> <span class='ocrx_word' id='word_1_253' title='bbox 585 4022 623 4054; x_wconf 89' lang='lat' dir='ltr'>an.</span> <span class='ocrx_word' id='word_1_254' title='bbox 638 4012 707 4056; x_wconf 81' lang='lat'>1733.</span> 
     </span>
     <span class='ocr_line' id='line_1_30' title="bbox 86 4069 627 4134; baseline 0 -16"><span class='ocrx_word' id='word_1_255' title='bbox 86 4071 206 4119; x_wconf 88' lang='lat' dir='ltr'>clarissimi</span> <span class='ocrx_word' id='word_1_256' title='bbox 217 4073 259 4119; x_wconf 89' lang='lat' dir='ltr'>viri</span> <span class='ocrx_word' id='word_1_257' title='bbox 269 4071 407 4119; x_wconf 90' lang='lat' dir='ltr'>methodum</span> <span class='ocrx_word' id='word_1_258' title='bbox 417 4072 455 4118; x_wconf 89' lang='lat' dir='ltr'>hic</span> <span class='ocrx_word' id='word_1_259' title='bbox 466 4069 627 4134; x_wconf 78' lang='lat' dir='ltr'>adjungemus.</span> 
     </span>
    </p>

    <p class='ocr_par' dir='ltr' id='par_1_5' title="bbox 84 4135 1363 4836">
     <span class='ocr_line' id='line_1_31' title="bbox 121 4135 710 4184; baseline 0.002 -2"><span class='ocrx_word' id='word_1_260' title='bbox 121 4136 160 4182; x_wconf 86' lang='lat' dir='ltr'>Er</span> <span class='ocrx_word' id='word_1_261' title='bbox 177 4135 235 4182; x_wconf 90' lang='lat' dir='ltr'>datis</span> <span class='ocrx_word' id='word_1_262' title='bbox 251 4137 324 4183; x_wconf 88' lang='lat' dir='ltr'>tribus</span> <span class='ocrx_word' id='word_1_263' title='bbox 339 4135 536 4184; x_wconf 85' lang='lat' dir='ltr'>observationibus</span> <span class='ocrx_word' id='word_1_264' title='bbox 546 4151 561 4182; x_wconf 81' lang='lat' dir='ltr'>c</span> <span class='ocrx_word' id='word_1_265' title='bbox 570 4151 595 4184; x_wconf 86' lang='lat' dir='ltr'>se</span> <span class='ocrx_word' id='word_1_266' title='bbox 610 4135 710 4183; x_wconf 83' lang='lat' dir='ltr'>invicem</span> 
     </span>
     <span class='ocr_line' id='line_1_32' title="bbox 86 4198 771 4257; baseline 0.004 -14"><span class='ocrx_word' id='word_1_267' title='bbox 86 4213 169 4257; x_wconf 90' lang='lat' dir='ltr'>parum</span> <span class='ocrx_word' id='word_1_268' title='bbox 185 4198 327 4257; x_wconf 79' lang='lat' dir='ltr'>distantibus,</span> <span class='ocrx_word' id='word_1_269' title='bbox 344 4200 476 4248; x_wconf 85' lang='lat' dir='ltr'>inveniatur</span> <span class='ocrx_word' id='word_1_270' title='bbox 490 4208 587 4247; x_wconf 75' lang='lat' dir='ltr'>comete</span> <span class='ocrx_word' id='word_1_271' title='bbox 601 4199 710 4246; x_wconf 78' lang='lat' dir='ltr'>velocitas</span> <span class='ocrx_word' id='word_1_272' title='bbox 768 4226 771 4231; x_wconf 91' lang='lat'>·</span> 
     </span>
     <span class='ocr_line' id='line_1_33' title="bbox 86 4261 709 4326; baseline 0.003 -19"><span class='ocrx_word' id='word_1_273' title='bbox 86 4261 112 4307; x_wconf 91' lang='lat' dir='ltr'>in</span> <span class='ocrx_word' id='word_1_274' title='bbox 131 4262 209 4323; x_wconf 87' lang='lat' dir='ltr'>aliquo</span> <span class='ocrx_word' id='word_1_275' title='bbox 227 4263 306 4309; x_wconf 83' lang='lat' dir='ltr'>orbitae</span> <span class='ocrx_word' id='word_1_276' title='bbox 322 4279 370 4310; x_wconf 82' lang='lat' dir='ltr'>suae</span> <span class='ocrx_word' id='word_1_277' title='bbox 385 4264 444 4319; x_wconf 84' lang='lat' dir='ltr'>loco,</span> <span class='ocrx_word' id='word_1_278' title='bbox 462 4273 485 4310; x_wconf 91' lang='lat' dir='ltr'>et</span> <span class='ocrx_word' id='word_1_279' title='bbox 500 4263 586 4326; x_wconf 81' lang='lat' dir='ltr'>exigua</span> <span class='ocrx_word' id='word_1_280' title='bbox 602 4263 709 4325; x_wconf 88' lang='lat' dir='ltr'>ejusdem</span> 
     </span>
     <span class='ocr_line' id='line_1_34' title="bbox 86 4325 709 4385; baseline 0 -13"><span class='ocrx_word' id='word_1_281' title='bbox 86 4325 167 4381; x_wconf 74' lang='lat' dir='ltr'>orbitae</span> <span class='ocrx_word' id='word_1_282' title='bbox 174 4327 257 4385; x_wconf 85' lang='lat' dir='ltr'>-portio</span> <span class='ocrx_word' id='word_1_283' title='bbox 273 4325 444 4376; x_wconf 84' lang='lat' dir='ltr'>determinetur.</span> <span class='ocrx_word' id='word_1_284' title='bbox 465 4327 597 4381; x_wconf 17' lang='lat' dir='ltr'>&#39;Quoniam</span> <span class='ocrx_word' id='word_1_285' title='bbox 608 4327 652 4374; x_wconf 84' lang='lat' dir='ltr'>trie</span> <span class='ocrx_word' id='word_1_286' title='bbox 668 4328 709 4372; x_wconf 89' lang='lat' dir='ltr'>ob·</span> 
     </span>
     <span class='ocr_line' id='line_1_35' title="bbox 86 4389 707 4452; baseline -0.002 -16"><span class='ocrx_word' id='word_1_287' title='bbox 86 4389 241 4436; x_wconf 86' lang='lat' dir='ltr'>servationum</span> <span class='ocrx_word' id='word_1_288' title='bbox 249 4399 353 4450; x_wconf 83' lang='lat' dir='ltr'>tempora</span> <span class='ocrx_word' id='word_1_289' title='bbox 364 4407 446 4452; x_wconf 86' lang='lat' dir='ltr'>parum</span> <span class='ocrx_word' id='word_1_290' title='bbox 454 4407 468 4439; x_wconf 83' lang='lat' dir='ltr'>a</span> <span class='ocrx_word' id='word_1_291' title='bbox 476 4390 606 4438; x_wconf 84' lang='lat' dir='ltr'>seinvicem</span> <span class='ocrx_word' id='word_1_292' title='bbox 614 4390 707 4447; x_wconf 83' lang='lat' dir='ltr'>distant,</span> 
     </span>
     <span class='ocr_line' id='line_1_36' title="bbox 85 4453 708 4515; baseline 0.002 -15"><span class='ocrx_word' id='word_1_293' title='bbox 85 4454 161 4514; x_wconf 88' lang='lat' dir='ltr'>portio</span> <span class='ocrx_word' id='word_1_294' title='bbox 177 4453 257 4500; x_wconf 83' lang='lat' dir='ltr'>orbitae</span> <span class='ocrx_word' id='word_1_295' title='bbox 272 4454 316 4499; x_wconf 92' lang='lat' dir='ltr'>hoc</span> <span class='ocrx_word' id='word_1_296' title='bbox 332 4455 441 4515; x_wconf 88' lang='lat' dir='ltr'>temporis</span> <span class='ocrx_word' id='word_1_297' title='bbox 455 4455 575 4502; x_wconf 81' lang='lat' dir='ltr'>intervallo</span> <span class='ocrx_word' id='word_1_298' title='bbox 594 4454 708 4514; x_wconf 82' lang='lat' dir='ltr'>descripta</span> 
     </span>
     <span class='ocr_line' id='line_1_37' title="bbox 85 4515 1359 4579; baseline -0.003 -13"><span class='ocrx_word' id='word_1_299' title='bbox 85 4517 224 4566; x_wconf 86' lang='lat' dir='ltr'>considerari</span> <span class='ocrx_word' id='word_1_300' title='bbox 240 4517 444 4579; x_wconf 86' lang='lat' dir='ltr'>poterittanquam</span> <span class='ocrx_word' id='word_1_301' title='bbox 453 4517 516 4566; x_wconf 86' lang='lat' dir='ltr'>linea</span> <span class='ocrx_word' id='word_1_302' title='bbox 526 4517 634 4566; x_wconf 83' lang='lat' dir='ltr'>rectavel</span> <span class='ocrx_word' id='word_1_303' title='bbox 645 4518 705 4578; x_wconf 85' lang='lat' dir='ltr'>ipse·</span> <span class='ocrx_word' id='word_1_304' title='bbox 737 4533 753 4564; x_wconf 90' lang='lat' dir='ltr'>x</span> <span class='ocrx_word' id='word_1_305' title='bbox 771 4536 805 4563; x_wconf 95' lang='lat'><em>=</em></span> <span class='ocrx_word' id='word_1_306' title='bbox 822 4517 844 4564; x_wconf 77' lang='lat' dir='ltr'>A</span> <span class='ocrx_word' id='word_1_307' title='bbox 860 4517 890 4574; x_wconf 87' lang='grc' dir='ltr'>Β,</span> <span class='ocrx_word' id='word_1_308' title='bbox 910 4533 952 4565; x_wconf 86' lang='lat' dir='ltr'>seu</span> <span class='ocrx_word' id='word_1_309' title='bbox 970 4517 1008 4564; x_wconf 77' lang='lat' dir='ltr'>exi</span> <span class='ocrx_word' id='word_1_310' title='bbox 1026 4515 1147 4578; x_wconf 85' lang='lat' dir='ltr'>principali</span> <span class='ocrx_word' id='word_1_311' title='bbox 1169 4515 1275 4576; x_wconf 83' lang='lat' dir='ltr'>ellipeeos</span> <span class='ocrx_word' id='word_1_312' title='bbox 1290 4529 1359 4579; x_wconf 87' lang='lat' dir='ltr'>quam</span> 
     </span>
     <span class='ocr_line' id='line_1_38' title="bbox 84 4581 1358 4644; baseline -0.002 -16"><span class='ocrx_word' id='word_1_313' title='bbox 84 4591 134 4628; x_wconf 91' lang='lat' dir='ltr'>met</span> <span class='ocrx_word' id='word_1_314' title='bbox 155 4592 254 4644; x_wconf 84' lang='lat' dir='ltr'>tangens</span> <span class='ocrx_word' id='word_1_315' title='bbox 274 4581 355 4628; x_wconf 79' lang='lat' dir='ltr'>orbitae</span> <span class='ocrx_word' id='word_1_316' title='bbox 373 4591 439 4628; x_wconf 91' lang='lat' dir='ltr'>motu</span> <span class='ocrx_word' id='word_1_317' title='bbox 459 4583 571 4629; x_wconf 85' lang='lat' dir='ltr'>uniformi</span> <span class='ocrx_word' id='word_1_318' title='bbox 589 4584 705 4642; x_wconf 79' lang='lat' dir='ltr'>percurso,</span> <span class='ocrx_word' id='word_1_319' title='bbox 738 4581 898 4629; x_wconf 78' lang='lat' dir='ltr'>cometacircd</span> <span class='ocrx_word' id='word_1_320' title='bbox 910 4582 1020 4638; x_wconf 80' lang='lat' dir='ltr'>Solemin</span> <span class='ocrx_word' id='word_1_321' title='bbox 1032 4581 1141 4629; x_wconf 89' lang='lat' dir='ltr'>umbilico</span> <span class='ocrx_word' id='word_1_322' title='bbox 1152 4581 1175 4633; x_wconf 86' lang='grc'><strong>8.</strong></span> <span class='ocrx_word' id='word_1_323' title='bbox 1188 4581 1288 4641; x_wconf 88' lang='lat' dir='ltr'>positum</span> <span class='ocrx_word' id='word_1_324' title='bbox 1298 4581 1358 4626; x_wconf 87' lang='lat' dir='ltr'>inte·</span> 
     </span>
     <span class='ocr_line' id='line_1_39' title="bbox 85 4642 1361 4708; baseline -0.004 -17"><span class='ocrx_word' id='word_1_325' title='bbox 85 4645 183 4708; x_wconf 77' lang='lat' dir='ltr'>ideoque</span> <span class='ocrx_word' id='word_1_326' title='bbox 204 4645 280 4707; x_wconf 90' lang='lat' dir='ltr'>portio</span> <span class='ocrx_word' id='word_1_327' title='bbox 300 4646 351 4691; x_wconf 79' lang='lat' dir='ltr'>haec</span> <span class='ocrx_word' id='word_1_328' title='bbox 371 4645 490 4692; x_wconf 80' lang='lat' dir='ltr'>rectilinea</span> <span class='ocrx_word' id='word_1_329' title='bbox 510 4647 591 4693; x_wconf 83' lang='lat' dir='ltr'>orbitra</span> <span class='ocrx_word' id='word_1_330' title='bbox 611 4656 635 4694; x_wconf 89' lang='lat' dir='ltr'>et</span> <span class='ocrx_word' id='word_1_331' title='bbox 658 4647 708 4705; x_wconf 84' lang='lat' dir='ltr'>ipsa</span> <span class='ocrx_word' id='word_1_332' title='bbox 739 4644 1177 4708; x_wconf 67' lang='lat' dir='ltr'>grotemporeperiodicotdescribit.</span> <span class='ocrx_word' id='word_1_333' title='bbox 1210 4645 1244 4692; x_wconf 89' lang='lat' dir='ltr'>Ut</span> <span class='ocrx_word' id='word_1_334' title='bbox 1254 4642 1361 4691; x_wconf 89' lang='lat' dir='ltr'>determi-</span> 
     </span>
     <span class='ocr_line' id='line_1_40' title="bbox 85 4707 1361 4771; baseline -0.005 -15"><span class='ocrx_word' id='word_1_335' title='bbox 85 4720 180 4757; x_wconf 84' lang='lat' dir='ltr'>cometae</span> <span class='ocrx_word' id='word_1_336' title='bbox 191 4709 299 4756; x_wconf 81' lang='lat' dir='ltr'>velocitas</span> <span class='ocrx_word' id='word_1_337' title='bbox 306 4707 404 4754; x_wconf 84' lang='lat' dir='ltr'>inveniri</span> <span class='ocrx_word' id='word_1_338' title='bbox 413 4718 522 4768; x_wconf 90' lang='lat' dir='ltr'>poterunt</span> <span class='ocrx_word' id='word_1_339' title='bbox 530 4725 571 4770; x_wconf 89' lang='lat' dir='ltr'>per</span> <span class='ocrx_word' id='word_1_340' title='bbox 579 4710 645 4758; x_wconf 84' lang='lat' dir='ltr'>Lem.</span> <span class='ocrx_word' id='word_1_341' title='bbox 657 4710 703 4756; x_wconf 88' lang='lat' dir='ltr'>IV.</span> <span class='ocrx_word' id='word_1_342' title='bbox 740 4718 825 4756; x_wconf 87' lang='lat' dir='ltr'>nentur</span> <span class='ocrx_word' id='word_1_343' title='bbox 832 4711 971 4771; x_wconf 88' lang='lat' dir='ltr'>quantitates</span> <span class='ocrx_word' id='word_1_344' title='bbox 978 4725 993 4756; x_wconf 86' lang='lat' dir='ltr'>x</span> <span class='ocrx_word' id='word_1_345' title='bbox 1002 4718 1049 4766; x_wconf 80' lang='lat' dir='ltr'>ett,</span> <span class='ocrx_word' id='word_1_346' title='bbox 1062 4707 1165 4755; x_wconf 75' lang='lat' dir='ltr'>conferre</span> <span class='ocrx_word' id='word_1_347' title='bbox 1173 4717 1263 4767; x_wconf 84' lang='lat' dir='ltr'>oportet</span> <span class='ocrx_word' id='word_1_348' title='bbox 1270 4715 1361 4752; x_wconf 88' lang='lat' dir='ltr'>motum</span> 
     </span>
     <span class='ocr_line' id='line_1_41' title="bbox 84 4767 1363 4836; baseline -0.005 -15"><span class='ocrx_word' id='word_1_349' title='bbox 84 4782 109 4821; x_wconf 86' lang='lat' dir='ltr'>ct</span> <span class='ocrx_word' id='word_1_350' title='bbox 118 4788 196 4834; x_wconf 86' lang='lat' dir='ltr'>perca</span> <span class='ocrx_word' id='word_1_351' title='bbox 206 4789 258 4836; x_wconf 81' lang='lat' dir='ltr'>quae</span> <span class='ocrx_word' id='word_1_352' title='bbox 268 4771 324 4821; x_wconf 91' lang='lat' dir='ltr'>huic</span> <span class='ocrx_word' id='word_1_353' title='bbox 336 4772 453 4820; x_wconf 87' lang='lat' dir='ltr'>Lemmati</span> <span class='ocrx_word' id='word_1_354' title='bbox 464 4771 602 4822; x_wconf 86' lang='lat' dir='ltr'>addidimus.</span> <span class='ocrx_word' id='word_1_355' title='bbox 639 4772 708 4821; x_wconf 90' lang='lat' dir='ltr'>Idem</span> <span class='ocrx_word' id='word_1_356' title='bbox 740 4782 836 4822; x_wconf 86' lang='lat' dir='ltr'>cometnr</span> <span class='ocrx_word' id='word_1_357' title='bbox 846 4789 901 4822; x_wconf 89' lang='lat' dir='ltr'>eum</span> <span class='ocrx_word' id='word_1_358' title='bbox 912 4782 978 4821; x_wconf 89' lang='lat' dir='ltr'>motu</span> <span class='ocrx_word' id='word_1_359' title='bbox 990 4773 1083 4836; x_wconf 81' lang='lat' dir='ltr'>cognito</span> <span class='ocrx_word' id='word_1_360' title='bbox 1093 4772 1192 4832; x_wconf 74' lang='lat' dir='ltr'>planete</span> <span class='ocrx_word' id='word_1_361' title='bbox 1198 4771 1302 4832; x_wconf 81' lang='lat' dir='ltr'>alicujus.</span> <span class='ocrx_word' id='word_1_362' title='bbox 1328 4767 1363 4815; x_wconf 87' lang='lat' dir='ltr'>Sit</span> 
     </span>
    </p>
   </div>
   <div class='ocr_carea' id='block_1_4' title="bbox 0 0 1692 5774">
    <p class='ocr_par' dir='ltr' id='par_1_6' title="bbox 0 0 1692 5774">
     <span class='ocr_line' id='line_1_42' title="bbox 0 0 1692 5774; baseline 0 6"><span class='ocrx_word' id='word_1_363' title='bbox 0 0 1692 5774; x_wconf 95' lang='lat' dir='ltr'> </span> 
     </span>
    </p>
   </div>
  </div>
 </body>
</html>
