3374 5774
276 487 306 547 vi
436 482 768 549 INTRODUCTIO
791 485 856 547 AD
881 484 1023 548 LUNAE
1045 484 1313 561 THEORIAM,
1336 487 1394 550 &e

316 653 586 728 Eidem'ratione,
608 652 792 716 variationes
813 664 916 714 motus
938 653 1059 738 apogaei
1080 665 1111 714 et
1131 665 1235 714 motus
1257 650 1413 713 nodorum
1435 670 1476 711 ex
1496 647 1557 713 situ

223 793 226 799 ·
274 761 396 824 diverso
409 761 518 825 Terrae
533 761 573 823 ad
587 760 746 844 aphelium
760 774 814 824 aut
823 759 1009 843 perihelium
1020 782 1112 822 suum
1127 781 1167 821 ex
1182 758 1343 842 utriusque
1353 769 1441 818 motu
1452 755 1556 818 medio

273 867 347 930 dato
362 869 394 929 in
408 866 545 929 secundo
558 866 757 952 paragrapho
773 867 913 929 derivare
927 867 1066 929 docetur.

317 973 379 1036 His
403 995 443 1034 ex
464 973 695 1036 excentricitate
709 973 819 1035 orbitae
834 973 970 1036 Telluris
984 973 1125 1035 deductis
1147 970 1335 1057 adjungatur
1350 968 1556 1032 consideratio

273 1083 512 1144 excentricitatis
534 1082 645 1145 orbitae
666 1083 794 1160 lunaris,
817 1095 871 1146 aut
893 1084 958 1167 ejus
979 1083 1187 1147 inclinationis
1209 1082 1249 1146 ad
1271 1081 1460 1165 eclipticam:
1482 1080 1554 1144 inde

272 1213 362 1254 novae
377 1192 618 1278 irregularitates
632 1193 789 1277 prioribus
804 1193 1024 1258 adnascuntur.

318 1297 435 1376 Primo,
448 1300 563 1363 mensis
573 1300 749 1383 periodicus
759 1302 854 1383 paulo
868 1302 968 1384 major
983 1301 1019 1364 fit
1034 1299 1106 1365 crim
1119 1301 1203 1363 linea
1220 1299 1363 1386 apsidum
1378 1321 1436 1383 per
1452 1300 1559 1368 Solem

273 1405 384 1482 transit
398 1403 491 1489 quam
513 1403 585 1468 crim
600 1407 660 1492 ipsi
674 1420 721 1470 est
733 1408 1009 1492 perpendicularis,
1032 1408 1106 1472 hinc
1128 1409 1279 1471 correctio
1294 1429 1376 1470 nova
1389 1409 1557 1492 aequationi

272 1522 375 1572 motus
394 1511 499 1587 medii,
525 1533 596 1595 quae
620 1511 652 1573 in
675 1513 777 1594 primo
800 1513 917 1579 Scholii
937 1514 1134 1601 paragrapho
1154 1515 1331 1598 exponitur,
1347 1526 1394 1576 est
1406 1513 1556 1590 facienda,

272 1622 353 1686 hanc
367 1637 480 1686 novam
494 1625 701 1708 aequationem
722 1625 766 1692 ill.
784 1626 932 1689 Cassinus
948 1627 1075 1690 exhibet
1096 1628 1128 1689 in
1151 1627 1263 1690 tabella
1279 1627 1367 1710 cujus
1382 1624 1489 1688 titulus
1511 1634 1558 1686 est

272 1733 408 1796 Secunda
423 1733 575 1816 1119111110
589 1734 706 1799 Souris
719 1745 750 1797 et
764 1735 856 1797 tertio
870 1736 1067 1821 paragrapho
1082 1736 1200 1800 Scholii
1214 1735 1357 1799 traditur.

316 1838 430 1901 Itidem
445 1839 470 1901 si
484 1839 567 1903 linea
576 1840 732 1903 nodorum
741 1862 799 1924 per
810 1842 916 1905 Solem
925 1854 1070 1919 transeat,
1080 1842 1176 1926 paulo
1184 1842 1283 1925 major
1298 1841 1357 1903 erit
1369 1839 1450 1903 Solis
1466 1837 1557 1912 actio,

272 1957 304 2009 et
325 1946 476 2009 correctio
491 1969 574 2010 nova
588 1947 701 2011 exinde
716 1955 860 2011 nascetur
879 1948 981 2012 eidem
995 1949 1095 2012 motui
1108 1948 1222 2025 medio,
1246 1947 1328 2009 hanc
1343 1958 1454 2030 quarto
1467 1965 1558 2026 para·

271 2055 394 2143 grapho
411 2054 529 2119 Scholii
543 2055 659 2119 indicat
675 2055 855 2119 Newtonus.
943 2036 947 2044 ·
1023 2128 1024 2133 1
1228 2114 1231 2119 .

273 2210 277 2216 -
317 2163 474 2227 Praeterea
502 2163 718 2226 excentricitas
747 2165 816 2246 ipsa
844 2163 956 2226 orbitae
984 2162 1101 2226 lunaris
1132 2183 1172 2224 ex
1198 2160 1323 2223 diverso
1349 2158 1411 2220 situ
1437 2154 1559 2240 apogaei

272 2283 415 2354 respectu
432 2270 513 2334 Solis
527 2281 675 2346 mutatur,
698 2291 783 2331 nunc
796 2272 896 2354 major
910 2290 994 2332 nunc
1008 2269 1112 2332 minor
1126 2267 1238 2341 evadit,
1262 2265 1356 2349 idque
1372 2262 1464 2325 etiam
1484 2261 1559 2322 inae·

272 2377 407 2463 qualiter
421 2400 481 2461 pro
496 2377 640 2441 distantia
657 2377 795 2440 Telluris
811 2400 830 2439 a
847 2377 929 2440 Sole.

317 2484 439 2546 Rursus
461 2485 528 2567 ipse
549 2500 652 2549 motus
675 2486 797 2571 apogaei
811 2497 906 2568 prout
921 2505 1086 2570 apogaeum
1100 2480 1306 2546 diversimode
1328 2480 1421 2543 situm
1443 2492 1490 2541 est
1512 2499 1560 2539 re-

274 2600 381 2673 spectu
399 2589 478 2653 Solis
493 2600 640 2666 mutatur,
664 2590 738 2653 hinc
752 2591 886 2677 aequatio
899 2589 1022 2674 apogaei
1037 2587 1175 2651 nascitur
1196 2609 1293 2671 eaque
1308 2585 1435 2668 duplex,
1459 2583 1561 2666 prima
1637 2594 1649 2624 ⁸

274 2693 481 2778 supponendo
497 2693 634 2757 Telluris
650 2718 669 2758 a
685 2696 758 2759 Sole
773 2697 952 2758 distantiam
967 2706 1170 2772 constantem,
1190 2692 1287 2756 altera
1300 2690 1375 2756 vero
1390 2690 1506 2776 pendet
1521 2711 1560 2752 ex
1608 2692 1614 2701 '

273 2799 445 2863 mutatione
460 2798 634 2862 distationae
650 2799 787 2863 Telluris
802 2825 820 2863 a
838 2800 919 2863 Sole.

318 2905 407 2969 Hinc
421 2906 548 2969 tandem
563 2904 635 2969 crim
656 2908 766 2970 orbita)
787 2909 904 2971 lunaris
916 2907 1027 2985 forma,
1043 2907 1257 2971 excentricitas
1272 2916 1303 2968 01
1316 2904 1438 2990 apogaei
1448 2902 1561 2986 positio

274 3020 423 3090 mutetur,
447 3012 576 3075 omnino
590 3025 750 3077 mutantur
765 3016 973 3079 correctiones
987 3015 1050 3078 illae
1065 3037 1135 3100 quaa
1156 3013 1390 3078 deducebantur
1405 3034 1444 3074 ex
1460 3011 1560 3073 Lunae

275 3123 507 3187 excentricitate
521 3123 681 3200 mediocri,
705 3146 776 3208 quae
798 3126 1008 3210 aequationem
1030 3126 1162 3189 solutam
1184 3123 1429 3198 constituebant3
1451 3122 1560 3184 ultimo

275 3240 379 3291 autem
397 3225 515 3292 Scholii
528 3229 726 3315 paragrapho
743 3221 925 3294 Newtonus
936 3232 1028 3295 docet
1042 3231 1102 3317 quii
1118 3233 1238 3296 ratione
1258 3253 1348 3294 novae
1362 3230 1424 3292 illae
1440 3250 1560 3291 correc-

275 3336 376 3400 tiones
398 3336 459 3399 sint
480 3337 697 3400 instituendas:
721 3339 826 3401 omnia
840 3338 915 3403 verb
937 3341 970 3402 in
991 3340 1052 3403 hoc
1069 3341 1196 3404 Scholio
1218 3341 1284 3403 sine
1299 3336 1560 3402 demonstratione

276 3444 382 3521 tradit,
397 3467 455 3507 nec
469 3443 606 3506 indicato
621 3466 749 3507 suorum
764 3447 954 3509 calculorum
969 3447 1110 3524 artificio,
1126 3447 1259 3532 ideoque
1273 3445 1371 3508 nostri
1386 3443 1560 3526 putavimus

277 3549 380 3626 officii,
399 3572 469 3613 eam
478 3550 628 3636 indagare
637 3549 719 3613 viam
734 3552 785 3613 cui
800 3551 971 3616 Newtonus
986 3553 1020 3615 in
1034 3553 1072 3616 iis
1085 3551 1275 3636 reperiendis
1286 3552 1427 3613 insistere
1442 3548 1558 3624 debuit,

277 3652 384 3716 labore
398 3656 524 3740 quidem
545 3677 611 3719 non
631 3678 739 3740 parm,
763 3680 905 3723 successu
921 3659 1146 3745 qualicumque,
1169 3659 1285 3723 utinam
1308 3658 1473 3721 lectoribus
1495 3675 1559 3718 non

278 3762 410 3846 ingrato.
