3374 5774
209 395 270 450 wa
514 372 854 443 nnnosopnna
878 343 1148 435 aerumnis
1170 367 1242 450 [m
1260 367 1381 433 000.
1399 369 1489 435 sm.

201 558 357 631 velocitas,
381 551 442 638 qui
466 562 607 615 centrum
626 546 710 610 orbis
731 544 832 608 Lunae

201 666 235 728 in
249 662 330 726 linea
353 660 488 746 quidam
510 657 604 721 curva
620 656 737 719 circum
760 673 832 715 cen·

201 783 286 834 trum
317 769 344 832 C
377 763 530 848 descripti
557 759 741 834 movebitur,
774 756 833 821 erit

201 874 359 961 reciproce
374 889 409 938 ut
424 874 522 936 cubus
542 869 695 934 distantia
712 864 793 930 Solis
814 887 833 927 a

204 983 304 1048 Terrtl
321 979 566 1069 quamproxime,
583 988 619 1040 ut
632 985 764 1059 oportet.

247 1090 447 1173 Computatio
469 1086 570 1150 motus
585 1085 677 1169 hujus
700 1079 832 1145 difficilis

200 1211 255 1276 est,
269 1199 323 1264 sed
334 1199 452 1262 facilior
460 1197 608 1283 reddetur
615 1215 672 1278 per
682 1190 828 1277 approxi-

200 1309 366 1372 mationem
391 1318 582 1392 sequentem.
626 1304 660 1367 Si
681 1300 827 1364 distantia
847 1292 1010 1359 mediocria
1026 1291 1127 1354 Lunae
1141 1313 1160 1352 a
1174 1290 1275 1354 Terra
1290 1292 1330 1354 sit
1343 1295 1480 1375 partium

202 1425 340 1491 100000,
366 1427 398 1478 et
423 1414 632 1478 eccentricitas
659 1411 690 1475 T
715 1410 742 1472 C
764 1408 803 1470 sit
823 1405 958 1490 partium
985 1408 1067 1467 5505
1090 1410 1259 1483 utsupra:
1290 1414 1374 1464 recta
1397 1404 1424 1466 C
1450 1404 1479 1466 B

200 1520 250 1584 vel
272 1521 300 1583 C
318 1520 352 1583 D
374 1519 546 1582 invenietur
567 1517 702 1601 partium
726 1517 829 1593 1172}
845 1528 876 1573 et
889 1505 1022 1576 rectam
1038 1505 1065 1568 F
1079 1503 1215 1586 partium
1238 1505 1309 1583 551.
1355 1505 1397 1568 Et
1411 1505 1480 1572 haec

200 1640 284 1693 recta
306 1628 347 1690 ad
368 1627 546 1690 distantiam
568 1624 600 1687 T
624 1624 652 1687 C
674 1618 833 1684 subtendit
846 1614 995 1702 angulum
1009 1611 1050 1674 ad
1065 1609 1198 1674 Terram
1212 1633 1306 1695 quem
1320 1612 1480 1678 translatio

203 1735 302 1801 centri
316 1734 401 1797 orbis
415 1757 434 1796 a
448 1733 523 1796 loeo
537 1731 571 1796 D
585 1731 626 1795 ad
640 1731 742 1793 locum
760 1726 786 1790 F
799 1734 929 1813 generat
942 1723 974 1785 in
990 1731 1077 1784 motu
1087 1719 1186 1783 centri
1199 1718 1308 1804 hujus:
1325 1732 1356 1782 et
1370 1722 1479 1786 eadem

197 1924 290 1982 want,
299 1924 443 1972 inveniretur
453 1925 473 1972 ia
483 1933 560 1971 motua
571 1921 669 1985 singulis
678 1921 704 1967 in

198 2027 255 2081 loeis
266 2042 282 2072 0
291 2028 322 2090 '4'
332 1993 372 2114 ΞΣ
382 2040 405 2083 ο,
417 2035 441 2073 et
450 2025 483 2073 ita
491 2032 622 2085 assumptus
629 2024 706 2071 fuerat

197 2129 222 2176 in
239 2128 315 2188 primit
334 2114 502 2176 eonstructione
518 2112 583 2190 (vicl¹
595 2133 643 2173 not·
654 2104 703 2189 l(¹¹²)

197 2192 317 2253 precem),
335 2209 390 2256 ergo
411 2191 505 2253 singulo
526 2192 551 2236 in
572 2189 624 2236 loco
641 2204 705 2236 error

197 2257 333 2303 commissus
358 2271 399 2317 per
425 2257 485 2301 hane
506 2254 624 2301 fictionem
645 2252 706 2300 forat

197 2363 227 2422 Τ.
237 2334 269 2444 ἰ-
281 2374 310 2417 o;
325 2357 439 2420 paritersi
452 2357 512 2405 Solia
522 2366 601 2404 motus
611 2353 703 2402 medina

196 2458 287 2508 dicatur
302 2476 327 2507 m
341 2470 460 2507 ostensum
475 2469 510 2506 eat
525 2461 584 2522 (000
598 2458 633 2521 (¹¹)
648 2473 701 2520 pag.

198 2529 237 2581 96,
265 2525 316 2586 97.)
347 2524 501 2570 dill’erentiam
527 2523 588 2570 inter
613 2531 705 2568 motum

198 2592 705 2713 mediumetverumeaessz—'midet

197 2734 706 2856 quaeumratioJ-:wadssssmsit

196 2872 222 2918 in
232 2871 330 2934 singulis
337 2873 429 2934 punctis
439 2886 455 2919 x
466 2870 664 2935 eademsaquatio
670 2881 704 2917 ‘ex

196 2989 271 3022 errore
283 2950 353 3060 ῖ-ζ-
368 2991 383 3022 o
401 2984 452 3022 orta
468 2975 512 3022 erit
527 2970 701 3036 proportionalia

195 3116 319 3181 aequationi
329 3131 358 3163 ex
368 3119 398 3178 ζ
407 3082 448 3202 ἴτ’
458 3131 482 3161 m
493 3125 557 3174 orta,
566 3117 610 3162 hoc
618 3123 653 3163 eat
660 3114 704 3162 etit

195 3218 703 3345 mopgfluggffigmffiugouffmefflmmffiss
749 3297 785 3354 A

155 3383 159 3393 s
196 3347 235 3394 me
246 3347 493 3406 proportionalitatum
504 3347 625 3395 anomaliae
642 3347 702 3395 Solis

196 3421 244 3457 not.
254 3414 310 3458 572·
319 3410 373 3457 Lib·
385 3410 407 3456 1.
416 3419 471 3457 nam
479 3411 526 3458 illic
534 3411 704 3468 demonstratur

196 3474 259 3584 guod
277 3474 296 3520 ai
315 3489 342 3548 ⁹3
361 3482 458 3536 utroque
479 3475 531 3522 foco
545 3478 567 3524 'S
586 3485 609 3521 et
627 3490 639 3520 ⁸
656 3476 736 3525 orbitae
757 3479 817 3528 Soh'a
852 3478 987 3542 aquationis
997 3477 1063 3534 Solis,
1071 3476 1154 3524 sivaad
1165 3477 1239 3536 ipsam
1246 3476 1408 3538 aquationem,
1420 3489 1477 3521 nam

213 3546 311 3586 ”emur
321 3537 389 3589 ¹¹⁰²&
399 3539 429 3585 αἱ
439 3548 552 3600 Punctum
567 3539 594 3595 Ρ,
606 3539 649 3586 etit
666 3540 710 3586 Bs
723 3542 744 3590 P
759 3559 815 3591 ano·
851 3544 876 3590 in
888 3543 964 3603 parvis
979 3541 1078 3604 angulis,
1096 3556 1162 3588 arcus
1178 3555 1221 3600 pro
1236 3541 1334 3586 sinubus
1350 3540 1411 3586 sumi
1422 3554 1476 3598 pos-

851 3616 912 3653 sunt.
949 3605 1015 3652 Hine
1027 3605 1091 3651 sinus
1102 3603 1225 3650 anomalia
1240 3619 1300 3650 verm
1312 3603 1386 3649 estad
1397 3617 1475 3663 tequa-

851 3671 938 3716 tionem
949 3669 1021 3715 050οἰ
1033 3668 1094 3715 Solis
1109 3668 1133 3713 iu
1150 3667 1239 3714 ratione
1249 3665 1304 3714 data
1318 3667 1376 3712 radii
1391 3680 1475 3724 nempe

850 3733 881 3779 ad
891 3731 987 3793 duplam
998 3731 1203 3789 excentricitatem3
1216 3731 1270 3778 hinc
1281 3732 1364 3791 itaque,
1376 3730 1477 3805 aquatio

850 3843 900 3883 orta
915 3850 944 3882 ex
955 3849 1030 3882 errore
1041 3837 1071 3896 ’.Ιῖ
1087 3809 1116 3919 ἰ-
1131 3849 1153 3890 0,
1171 3833 1214 3881 erit
1229 3841 1257 3880 ut
1272 3831 1337 3879 sinna
1352 3829 1475 3879 anomaliae

852 3938 919 3995 Solis,
937 3937 978 3985 aed
997 3936 1097 3999 angulus
1116 3937 1136 3983 C
1149 3937 1174 3984 D
1187 3937 1208 3984 F
1227 3944 1261 3983 est
1277 3939 1474 3997 complementum

849 4003 900 4064 ejus
910 4002 1032 4048 anomalia
1047 4001 1077 4046 ad
1094 4001 1171 4048 860⁸.
1184 4002 1250 4048 ainus
1259 4012 1338 4048 autem
1349 3999 1416 4047 arella
1431 4000 1475 4045 ali·
1492 4025 1494 4029 >

492 4066 494 4070 '
849 4066 1025 4130 uijuaataiuua
1035 4065 1086 4128 ejus
1101 4064 1265 4125 complementi
1282 4064 1312 4112 ad
1328 4064 1404 4113 3603‘.
1418 4071 1475 4110 aunt

461 4123 481 4170 s*
506 4131 529 4178 ο
550 4137 564 4176 s
849 4184 926 4217 unum
941 4179 965 4218 et
982 4169 1052 4225 idem,
1065 4183 1121 4231 ergo
1135 4169 1235 4231 aquatio
1249 4183 1278 4215 ex
1293 4183 1369 4216 errore
1381 4173 1410 4231 ’4
1421 4142 1475 4252 ·:-o

197 4267 267 4315 malia
277 4268 360 4326 madia,
379 4281 402 4318 et
414 4272 436 4319 B
450 4271 467 4319 S
479 4271 624 4323 Panomalia
641 4291 701 4333 vera,
719 4273 818 4338 ideoque
849 4281 904 4321 nata
914 4283 949 4337 eat
964 4271 1139 4333 proportionalis
1149 4272 1210 4319 sinui
1221 4272 1362 4334 angulorum
1375 4272 1395 4319 C
1408 4271 1433 4318 D
1445 4270 1474 4329 1³,

197 4332 297 4392 angulus
310 4334 818 4403 8115551500050ομ10051055530ρηί0
848 4347 872 4384 et
890 4337 910 4383 ai
928 4347 1034 4383 sumatur
1051 4334 1131 4383 radius
1149 4335 1174 4382 D
1195 4335 1216 4382 F
1232 4335 1327 4397 equalis
1348 4335 1474 4397 aquatioui

199 4396 216 4442 S
228 4395 451 4456 Pperpendiculum
461 4416 473 4447 a
485 4400 507 4447 Ε
520 4409 581 4447 etex
595 4403 817 4464 Pwperpendiculum
848 4401 956 4447 maxima
967 4401 1022 4446 hinc
1033 4409 1102 4455 naue,
1117 4399 1195 4449 vcaeteri
1206 4414 1287 4446 omnes
1298 4400 1472 4462 0005503010-

198 4458 221 4528 B
234 4458 265 4517 11,
273 4462 303 4507 ob
322 4461 496 4535 ¹similitudinem
514 4463 683 4526 triangulorum
701 4468 718 4514 S
729 4486 740 4515 a
752 4469 774 4516 Ε
792 4479 816 4515 et
848 4479 902 4510 rum
915 4465 934 4512 C
948 4464 972 4511 D
984 4463 1004 4510 F
1014 4472 1082 4510 erunt
1092 4463 1148 4523 ipse
1159 4462 1299 4524 aquationes
1309 4463 1333 4509 in
1345 4462 1401 4511 data
1414 4463 1474 4511 Solia

196 4523 278 4570 sPn
297 4535 346 4580 eut,
369 4527 385 4572 S
398 4527 419 4589 1?
436 4529 467 4574 ad
488 4528 509 4574 P
522 4526 545 4574 R
562 4537 589 4574 ut
607 4529 645 4574 Ss
659 4529 689 4577 ad
705 4533 758 4583 aE.
771 4533 817 4578 slve
849 4526 971 4582 50000111,
988 4527 1007 4573 ai
1023 4526 1100 4587 itaqua
1113 4536 1258 4574 sumamma
1269 4542 1358 4586 puncto
1370 4529 1396 4574 D
1407 4542 1474 4575 arcus

196 4587 310 4635 sumendo
331 4589 349 4639 S
368 4589 390 4636 P
408 4605 449 4650 pro
470 4591 536 4638 radio
557 4593 670 4639 constanti
691 4595 764 4658 (quod
783 4605 817 4642 eat
851 4590 932 4637 Dsin
943 4590 1030 4638 circulo
1042 4591 1064 4636 B
1075 4589 1100 4636 D
1112 4589 1133 4636 A
1146 4590 1245 4652 aequales
1256 4586 1305 4645 illis
1314 4591 1475 4647 sinubus,⁴erit

194 4645 300 4711 proxime
312 4653 402 4714 verum)
420 4655 470 4711 erit,
488 4665 515 4702 ut
529 4655 607 4702 radius
623 4655 653 4701 ad
669 4657 746 4704 sinum
759 4673 815 4705 ano·
848 4654 941 4701 iterus
955 4654 1021 4701 loeus
1036 4654 1108 4701 centri
1125 4653 1316 4713 orbitalunatls,
1334 4665 1357 4702 et
1373 4656 1428 4716 quia
1444 4656 1474 4701 ob
1576 4693 1580 4704 .

196 4714 274 4763 melia
293 4729 359 4774 verae,
379 4717 418 4766 lta-
428 4717 501 4779 dupla
518 4717 676 4767 exteuttititaa
692 4721 723 4767 ad
739 4720 817 4768 uiuum
849 4718 1000 4777 exiguitatem
1010 4719 1096 4767 horum
1111 4717 1207 4767 sinuum
1217 4730 1322 4781 respectu
1333 4719 1391 4768 radii
1405 4719 1425 4766 C
1439 4717 1479 4774 Β,
1573 4753 1581 4765 .
