3374 5774
115 465 227 532 Lmen
238 467 417 548 Tanatus]
444 466 684 534 PRINCIPIA
708 467 1076 540 MATHEMATICA.
1336 481 1392 536 161

115 640 193 704 Erat
209 640 248 705 M
263 641 352 705 stella
365 643 535 729 perexigua
549 664 620 728 quae
634 664 691 726 per
705 642 905 727 telescopium
915 643 1013 706 videri
1024 643 1077 707 vix
1090 644 1201 728 potuit,
1220 656 1251 708 et
1266 644 1295 708 L
1310 644 1398 708 stella

113 751 211 834 major
226 752 314 836 quasi
328 751 549 838 magnitudinis
564 764 692 816 octavae.

155 858 220 922 Die
245 859 347 923 Lunae
372 859 469 922 Mart
497 865 527 925 t.
541 858 610 922 hor·
625 868 665 946 93
672 880 710 941 p.
726 881 767 922 m.
783 857 901 923 corneti
928 858 1078 924 existente
1101 859 1133 922 in
1158 861 1198 936 V,
1223 873 1307 926 recta
1331 861 1363 925 V
1377 886 1396 922 α

112 964 267 1047 producta
281 965 431 1030 transibat
445 965 527 1029 inter
542 965 572 1031 B
587 977 619 1028 et
634 963 828 1042 neuterens
842 988 861 1027 a
876 964 906 1030 B
921 964 949 1027 F
963 987 1069 1028 versus
1086 965 1113 1028 F
1126 967 1166 1045 rb
1182 966 1211 1029 B
1227 967 1263 1043 F,
1285 980 1317 1030 et
1330 980 1396 1033 erat

113 1069 154 1133 ad
167 1083 285 1135 rectam
300 1073 331 1134 V
344 1074 365 1146 β
380 1084 414 1136 ut
430 1081 449 1137 5
465 1072 506 1135 ad
521 1081 552 1135 4.
597 1071 639 1135 Et
654 1071 799 1136 distantia
819 1083 947 1136 cometae
962 1094 982 1135 a
996 1072 1080 1137 rectit
1095 1099 1114 1134 a
1127 1076 1149 1150 β
1163 1090 1230 1138 erat
1244 1080 1263 1156 ᾗ
1279 1077 1310 1138 V
1323 1079 1352 1151 βι

159 1178 219 1241 Die
235 1178 387 1242 Mercurii
403 1178 500 1242 Mart.
517 1187 548 1244 9.
565 1176 642 1240 horit
658 1181 698 1258 8}
713 1199 744 1260 p.
760 1177 938 1242 m.'comettl
953 1179 1103 1243 existente
1117 1180 1150 1243 in
1166 1181 1211 1259 X,
1228 1195 1311 1246 recta
1325 1209 1345 1264 7
1360 1183 1394 1246 Χ

112 1284 239 1369 aequalis
260 1296 328 1347 erat
348 1287 440 1365 lyd,
461 1297 493 1347 et
512 1282 769 1368 perpendiculum
789 1283 957 1348 demissum
972 1308 991 1348 a
1006 1285 1092 1349 stellai
1108 1291 1122 1347 t
1136 1285 1177 1348 ad
1191 1301 1306 1352 rectam
1325 1315 1344 1371 7
1360 1290 1394 1353 X

111 1407 178 1457 erat
191 1400 211 1482 ξ
226 1422 246 1477 7
261 1401 284 1458 δ.

155 1501 277 1565 Eidem
301 1513 394 1565 nocte
416 1500 493 1565 horai
516 1510 565 1579 12,
594 1499 715 1574 cometis
735 1501 886 1566 existente
899 1502 932 1566 in
947 1502 988 1580 Y,
1010 1514 1094 1568 recta
1107 1530 1127 1585 7
1141 1504 1173 1568 Y
1187 1504 1313 1591 aequalis
1329 1518 1395 1571 erat

110 1617 128 1693 ᾗ
144 1637 164 1691 7
179 1616 203 1687 δ,
221 1622 274 1674 aut
288 1612 382 1694 paulo
397 1610 509 1687 minor,
523 1607 600 1694 putd
612 1609 654 1688 35,—
668 1635 688 1690 7
702 1614 726 1686 t,
747 1621 778 1672 et
791 1609 1048 1694 perpendictdum
1063 1609 1230 1674 demissum
1245 1634 1265 1674 a
1278 1611 1365 1676 stellis
1381 1618 1395 1674 t
1456 1640 1459 1645 ·

109 1717 151 1780 ad
166 1730 281 1782 rectam
295 1744 315 1798 7
330 1717 362 1780 Y
377 1716 504 1802 aequalis
519 1727 585 1779 erat
605 1723 626 1799 g
640 1743 660 1798 7
674 1720 689 1776 t
706 1714 756 1778 vel
772 1718 795 1798 ,l
809 1720 858 1797 75
876 1715 1006 1779 circiter.
1052 1715 1115 1778 Sed
1131 1728 1251 1780 cometa
1265 1718 1306 1781 ob
1321 1719 1395 1782 vici·

107 1825 192 1887 niam
207 1824 376 1888 horizontis
391 1825 476 1888 cerni
491 1824 544 1887 vix
558 1823 669 1906 potuit,
684 1845 742 1887 nec
757 1823 845 1887 locus
859 1825 925 1908 ejus
939 1837 1003 1888 tam
1017 1824 1160 1890 distincte
1175 1847 1211 1889 ac
1230 1827 1263 1890 in
1276 1849 1395 1911 praece·

107 1932 252 1997 dentibus
267 1933 400 1997 definiri.

151 2043 204 2106 Ex
217 2042 396 2128 hujusmodi
411 2040 678 2111 observationibus
697 2062 755 2124 per
774 2041 1018 2106 constructiones
1033 2043 1205 2130 figurarum
1221 2056 1252 2107 et
1266 2064 1394 2129 compu-

105 2150 238 2214 tationes
264 2147 443 2212 derivabam
467 2147 505 2231 (²)
532 2144 742 2233 longitudines
764 2158 795 2210 et
816 2145 994 2211 latitudines
1016 2162 1155 2226 cometae,
1177 2160 1209 2212 et
1231 2149 1394 2216 Poundius

104 2265 211 2318 noster
233 2274 275 2316 ex
296 2252 443 2316 correctis
464 2251 601 2315 fixarum
621 2250 698 2315 locis
718 2244 787 2315 loca
809 2264 938 2316 cometae
960 2254 1104 2332 correxit,
1122 2267 1153 2319 et
1171 2255 1241 2320 loca
1255 2271 1394 2322 correcta
1452 2256 1454 2262 ’

103 2365 258 2427 habentur
281 2383 383 2445 supra.
429 2360 634 2424 Micrometro
657 2358 770 2444 partim
795 2361 912 2427 affabre
938 2376 1117 2429 constructo
1139 2388 1214 2430 usus
1235 2389 1313 2446 sum,
1338 2368 1394 2433 sed

102 2471 335 2558 longitudinum
349 2480 454 2532 tamen
469 2480 500 2532 et
513 2468 715 2532 latitudinum
735 2491 856 2534 errores
877 2475 1041 2557 (quatenus
1064 2497 1104 2537 ex
1125 2475 1392 2543 observationibus

102 2583 216 2645 nostris
239 2582 392 2661 oriantur)
415 2581 571 2643 minutum
592 2601 692 2642 uuum
712 2579 850 2663 primum
865 2581 918 2644 vix
938 2595 1094 2666 superant.
1142 2585 1273 2650 Cometa
1287 2599 1392 2650 autem

105 2692 210 2775 (juxta
225 2689 457 2753 observationes
471 2687 606 2766 nostras)
622 2687 656 2749 in
670 2685 734 2749 fine
748 2685 851 2750 mottis
867 2688 915 2750 sui
928 2688 1106 2753 notabiliter
1120 2690 1283 2755 deflectere
1297 2694 1392 2781 coepit

102 2798 232 2861 boream
246 2793 364 2874 versds,
381 2817 399 2858 a
414 2793 563 2878 parallelo
579 2815 672 2878 quem
687 2793 720 2855 in
735 2791 797 2857 fine
811 2793 925 2858 mensis
942 2793 1102 2859 Februarii
1116 2807 1265 2861 tenuerat

131 3036 226 3101 (⁸)149.
237 3039 250 3066 ⁰
259 3036 453 3097 longitndinetet
461 3035 602 3082 latitudines.
622 3031 646 3080 si
653 3033 728 3079 obser·
761 3028 879 3091 telescopii
894 3029 986 3078 immoti
998 3039 1039 3078 aut
1052 3030 1099 3078 alio
1109 3045 1257 3096 quocumque
1267 3031 1338 3081 modo
1349 3034 1390 3080 ob.

104 3110 189 3147 ventur
199 3099 313 3147 dIstautiae
329 3108 451 3146 cometoea
462 3098 552 3144 duabus
562 3096 615 3142 lixis
630 3110 729 3157 quarum
760 3095 862 3140 tineatur
880 3094 1011 3141 differentis
1031 3094 1193 3144 declinationis
1209 3106 1234 3144 et
1252 3097 1390 3144 ascensionis

102 3164 261 3226 longitudines
276 3173 299 3209 et
315 3162 449 3210 latitudines
459 3171 520 3209 notae
531 3169 593 3216 suut,
608 3159 730 3206 invenicn·
760 3165 829 3206 ractae
839 3157 900 3207 iuter
910 3158 981 3206 lixam
991 3167 1015 3206 et
1025 3169 1140 3207 cometam
1152 3162 1202 3224 (39.
1217 3160 1270 3208 Lib.
1286 3157 1355 3219 111.)
1366 3168 1392 3208 ct

103 3237 142 3274 tur
152 3238 248 3274 cometae
264 3226 388 3289 longitudo
398 3235 422 3272 et
432 3225 531 3272 latitudo
541 3224 570 3270 ad
585 3233 677 3282 tempus
686 3224 728 3269 ob-

102 3291 241 3338 servationis.
278 3286 374 3337 Refertt
386 3290 415 3336 M
429 3289 460 3344 R,
475 3288 604 3348 portionem
616 3286 728 3347 eclipticas
834 3335 837 3341 ,

101 3356 171 3417 cujus
187 3355 255 3414 polus
272 3355 305 3412 O,
322 3354 369 3400 sint
387 3354 416 3407 A,
436 3353 457 3399 P
473 3352 527 3398 duae
541 3351 613 3397 stella
627 3364 744 3410 quarum·
1134 3346 1161 3407 0

101 3418 260 3480 longitudines
275 3427 299 3466 et
314 3416 447 3464 latitudines
462 3415 522 3461 datae
537 3424 600 3470 sunt,
617 3412 692 3472 sitque
706 3412 725 3459 C

101 3492 192 3530 cometa
210 3483 279 3545 cujus
295 3481 404 3528 distantia
421 3495 436 3526 a
451 3478 542 3525 duabus
558 3477 630 3523 stellis
654 3477 684 3532 A,
704 3475 727 3522 Ρ

101 3557 157 3594 nota
173 3547 210 3592 sit.
246 3547 277 3592 In
292 3543 411 3605 triangulo
429 3544 451 3589 A
465 3541 530 3597 ΟΡ,
548 3555 576 3586 ex
586 3539 645 3587 datis
657 3540 681 3585 A
694 3538 726 3596 0,

104 3611 125 3657 P
137 3612 160 3658 0
172 3609 347 3668 complementis
357 3605 508 3652 latitudinum
522 3604 639 3650 stellarum
650 3610 674 3648 et
684 3617 726 3648 an-

102 3674 158 3737 gulo
171 3676 194 3721 A
209 3674 232 3721 0
244 3674 265 3720 P
276 3673 344 3734 cujus
354 3684 463 3716 mensura
472 3677 507 3715 est
516 3683 583 3714 arcus
600 3667 629 3713 M
643 3667 666 3712 tt
680 3665 726 3713 dis-

100 3739 197 3785 serentis
214 3735 397 3798 longitudinum,
416 3733 509 3780 dabitur
531 3733 555 3779 A
577 3729 599 3778 Ρ
618 3730 726 3778 distantis

101 3802 316 3862 stellarumatque
338 3798 465 3844 innotescet
486 3796 587 3857 angulus
610 3795 633 3842 0
652 3794 674 3841 Ρ
690 3793 722 3841 A.

100 3867 157 3915 Jam
176 3865 230 3912 verd
249 3865 275 3911 in
293 3861 410 3923 triangulo
431 3862 454 3908 A
469 3860 523 3907 ΟΡ
541 3860 626 3905 dantur
645 3857 725 3904 omnia

100 3930 179 3986 latera,
197 3930 261 3976 unde
278 3927 409 3974 invenietur
425 3923 526 3985 angulus
547 3923 567 3969 C
588 3922 610 3968 P
627 3922 659 3978 A,
677 3935 725 3982 quo

100 3996 216 4041 subtracto
226 4007 254 4039 ex
266 3990 354 4054 angtdo
366 3990 389 4037 0
404 3989 425 4035 P
437 3989 460 4034 A
471 3987 614 4049 relinquetur
623 3985 725 4047 angulus

103 4057 126 4104 0
140 4058 161 4104 P
174 4057 200 4105 C.
238 4055 317 4111 Quare
328 4054 420 4101 dabitur
432 4051 532 4113 angulus
550 4050 607 4098 ΡΟ
621 4051 640 4097 C
656 4049 725 4114 cujus

100 4135 209 4168 mensura
219 4131 253 4167 est
263 4134 330 4167 arcus
347 4119 371 4165 N
385 4119 416 4174 tt,
434 4114 563 4163 differentia
573 4113 659 4160 scilicet
673 4113 723 4159 lon·

99 4184 233 4246 gitudiuurn
245 4185 317 4230 stellae
330 4183 350 4230 P
361 4192 384 4229 et
395 4190 490 4228 cometae
501 4179 530 4226 C.
552 4176 723 4226 Iteminuotes·

99 4257 136 4294 cet
146 4264 213 4295 arcus
225 4249 248 4296 O
258 4249 286 4303 C,
296 4248 336 4309 qui
345 4257 379 4293 est
387 4243 584 4304 complementum
595 4239 723 4287 latitudinis

98 4321 201 4359 cometae.
232 4311 325 4359 Eidem
335 4325 427 4371 prorsus
437 4309 533 4364 ratione,
544 4307 564 4354 si
574 4308 724 4352 observentur
865 4301 908 4362 M

97 4373 212 4423 distantiae
228 4386 325 4422 cometa·
340 4390 355 4421 a
370 4373 461 4420 duabus
472 4371 524 4418 fixis
534 4384 632 4432 quarum
643 4383 722 4415 ascen-

96 4438 171 4487 siones
181 4449 250 4488 rectse
271 4447 295 4485 et
315 4437 481 4485 declinationes
501 4445 562 4482 uotae
584 4442 645 4489 suut,
665 4431 722 4480 indd

94 4503 235 4566 colligentur
245 4501 347 4550 ascensio
357 4511 419 4548 recta
429 4510 453 4546 et
462 4499 586 4546 declinatio
597 4507 702 4545 cometae.
991 4528 996 4537 .

118 4573 180 4642 ,¹50·
206 4567 274 4615 Datis
292 4564 489 4638 decllnfftl⁰¹¹²‚‚⁰,²
506 4559 721 4637 memnefecfst
753 4575 807 4622 hinc
829 4575 947 4624 dabuntur
968 4585 1065 4626 comete
1087 4573 1210 4638 longitudo
1231 4584 1255 4621 et
1281 4571 1380 4620 latitudo

92 4631 193 4694 alicujus
209 4632 280 4679 stetlae
297 4630 357 4685 lixae,
373 4643 472 4674 rnvenrrt
487 4636 585 4687 possunt
595 4625 719 4674 declinatio
753 4644 803 4703 (ῃ,
822 4639 966 4703 1,jb,111‚)·

93 4704 117 4740 εἰ
131 4697 235 4744 ³⁵⁰⁰¹¹Sl⁰
251 4705 313 4770 Ψ
329 4701 432 4768 ⁰.⁰l¹³⁹.tae’
448 4689 520 4765 ¹¹¹⁰‘l‘l
531 4700 608 4738 “men
619 4689 686 4736 ΜΠ*
696 4701 720 4737 ⁹²
787 4709 839 4751 151.
861 4705 930 4751 Datis
940 4714 1037 4752 cometae
1054 4703 1200 4766 longitudine
1211 4711 1234 4750 et
1248 4698 1378 4756 latitudine,

93 4769 183 4808 ⁰⁰¹2&
203 4771 300 4808 transm
321 4771 420 4805 *ΜΝ
438 4763 527 4816 l²⁰l³⁵¹nt
547 4769 589 4815 1²0¹·
609 4769 719 4816 “mlum
752 4768 869 4831 simulque
879 4768 936 4816 uoti
947 4767 1095 4832 longitudine
1109 4767 1176 4824 Solis,
1193 4767 1261 4813 datur
1271 4764 1380 4811 distantis

708 4849 764 4897 L4
