3374 5774
321 465 362 526 62
599 448 936 520 PHILOSOPHIAE
959 445 1232 514 NATURALIS
1276 448 1347 530 [Du
1364 447 1487 515 Musa.
1505 453 1599 517 Srsr.

322 634 417 707 dunt3
439 631 482 694 ita
495 640 531 694 ut
545 628 677 714 angulus
692 627 774 690 inter
789 636 904 688 rectam
919 621 1131 708 quiescentem
1148 623 1181 687 N
1195 645 1217 686 n
1238 633 1270 687 et
1283 623 1494 689 revolventem
1511 627 1543 690 T
1558 629 1600 705 A,

322 759 444 822 semper
472 736 527 799 flat
555 733 682 819 aequalis
710 730 864 794 distantiae
893 729 1034 792 locorum
1065 727 1145 792 Solis
1175 741 1206 792 et
1234 729 1319 792 nodi.
1364 728 1436 793 Jam
1461 730 1487 793 si
1515 745 1602 797 recta

321 848 437 934 quaevis
459 847 490 910 T
507 846 539 909 K
565 843 720 907 dividatur
741 842 775 903 in
788 851 893 923 partes
915 837 948 902 T
964 839 987 902 S
1008 849 1040 900 et
1063 838 1086 900 S
1103 837 1135 900 K
1157 859 1227 922 quae
1250 839 1312 900 sint
1332 849 1368 902 ut
1388 851 1492 903 motus
1517 842 1600 905 Solis

320 958 463 1022 horarius
477 954 598 1018 medius
621 952 661 1015 ad
682 961 802 1013 motum
820 947 982 1012 horarium
992 944 1184 1039 mediocrem
1199 945 1274 1008 nodi
1288 947 1321 1008 in
1336 946 1542 1032 quadraturis,
1567 963 1600 1015 et

319 1078 454 1151 ponatur
469 1075 552 1127 recta
575 1062 606 1126 T
627 1061 663 1124 H
685 1059 787 1122 media
808 1078 941 1142 propor-

319 1174 443 1239 tionalis
464 1173 545 1236 inter
558 1181 679 1255 partem
700 1168 731 1231 T
747 1169 770 1232 S
792 1180 823 1230 et
844 1177 941 1230 totam

322 1283 354 1347 T
369 1282 412 1359 K,
434 1282 503 1343 haec
521 1291 605 1342 recta
618 1278 699 1341 inter
720 1275 853 1362 reliquas
867 1297 941 1359 pro·

313 1387 501 1474 ¹portionalis
523 1385 582 1449 erit
596 1383 694 1447 motui
708 1381 811 1446 medio
827 1381 907 1446 Solis
922 1403 942 1442 a

292 1560 295 1573 ,
320 1495 415 1558 nodo.

393 1611 414 1642 “
436 1600 640 1666 Describatur
683 1597 765 1662 enim
808 1596 941 1661 circulus

321 1711 354 1774 N
371 1709 403 1772 K
418 1731 439 1770 n
457 1707 496 1772 M
517 1717 624 1770 centro
642 1705 674 1768 T
695 1715 726 1768 et
747 1703 834 1766 radio
850 1703 881 1766 T
898 1702 939 1779 K,
984 1712 1020 1771 K
1108 1684 1116 1701 ⁸

321 1815 493 1898 eodemque
529 1822 636 1875 centro
672 1823 703 1872 et
739 1807 941 1872 semi-axibus

321 1922 353 1985 T
380 1921 417 1984 H
444 1931 476 1982 et
497 1918 528 1982 T
555 1917 588 1981 N
609 1915 802 1979 describatur
826 1913 941 1998 ellipsis

321 2030 354 2094 N
370 2029 408 2092 H
422 2051 443 2090 n
459 2028 498 2103 L,
523 2037 553 2089 et
573 2025 604 2087 in
619 2036 759 2107 tempore
774 2045 837 2107 quo
854 2021 907 2086 Sol
923 2044 942 2085 a

319 2135 403 2198 nodo
415 2133 531 2197 recedit
540 2154 598 2215 per
609 2152 714 2193 arcum
727 2129 760 2193 N
769 2152 798 2205 a,
810 2127 836 2190 si
847 2127 942 2191 duca-

319 2253 371 2304 tur
385 2251 469 2303 recta
485 2238 516 2301 T
529 2237 551 2299 b
567 2259 594 2313 a,
611 2257 683 2298 area
692 2234 819 2297 sectoris
835 2234 867 2296 N
877 2234 908 2297 T
922 2256 941 2296 a

320 2359 456 2433 exponet
478 2366 630 2410 summam
650 2354 791 2406 motuum
813 2342 889 2404 nodi
910 2353 942 2404 et

322 2456 402 2520 Solis
418 2456 451 2516 in
466 2453 578 2517 eodem
593 2469 742 2534 tempore.
781 2448 829 2512 sit
843 2448 938 2535 igitur
952 2471 1042 2515 arcus
1056 2474 1076 2515 a
1091 2451 1122 2515 A
1136 2450 1230 2537 qudm
1244 2451 1390 2514 minimus
1405 2473 1496 2537 quem
1511 2463 1600 2516 recta

320 2561 352 2624 T
373 2560 395 2622 b
417 2583 436 2621 a
456 2557 584 2642 praefata
599 2558 669 2644 lege
684 2553 843 2620 revolvens
856 2555 890 2618 in
906 2555 977 2620 datii
999 2558 1147 2643 temporis
1162 2557 1312 2641 particuli
1328 2557 1523 2623 uniformiter
1544 2559 1600 2624 de-

320 2667 435 2743 scribit,
461 2678 493 2729 et
516 2676 616 2729 sector
630 2663 724 2750 qudm
738 2665 885 2768 minimus
908 2665 939 2729 T
964 2665 995 2729 A
1018 2688 1038 2728 a
1060 2668 1119 2730 erit
1133 2680 1168 2730 ut
1182 2689 1303 2730 summa
1316 2667 1513 2733 velocitatum
1537 2669 1600 2755 qud

322 2775 377 2841 Sol
392 2786 423 2838 et
436 2773 537 2838 nodus
552 2785 620 2837 tum
633 2774 781 2857 temporis
803 2773 932 2837 seorsim
946 2773 1097 2840 feruntur.
1143 2777 1224 2841 Solis
1246 2791 1351 2841 autem
1364 2778 1511 2842 velocitas
1533 2776 1600 2842 fere

319 2882 483 2946 uniformis
499 2893 555 2957 est,
578 2891 686 2964 utpote
701 2881 788 2964 cujus
802 2902 899 2964 parva
912 2881 1104 2966 inaequalitas
1119 2882 1173 2945 vix
1187 2882 1283 2946 ullam
1297 2884 1426 2971 inducit·
1438 2885 1471 2947 in
1494 2885 1600 2949 medio

320 2988 476 3051 nodorum
489 2998 577 3050 motu
591 2987 780 3051 varietatem.
824 2987 933 3050 Altera
954 3009 1025 3071 pars
1039 2987 1132 3073 hujus
1154 3011 1293 3067 summae,
1316 3013 1430 3076 nempe
1452 2993 1601 3057 velocitas

320 3097 396 3160 nodi
411 3097 444 3159 in
457 3089 607 3159 mediobri
622 3093 676 3158 sual
692 3095 861 3180 quantitate
883 3107 1013 3181 augetur
1027 3095 1061 3157 in
1075 3118 1198 3160 recessu
1212 3120 1231 3159 a
1246 3099 1378 3185 syzygiis
1392 3100 1425 3162 in
1441 3099 1601 3184 duplicati

321 3208 440 3270 ratione
456 3205 540 3270 sinirs
555 3205 707 3269 distantiae
721 3207 787 3291 ejus
809 3227 827 3268 a
851 3205 941 3280 Sole3
963 3227 1021 3289 per
1037 3205 1143 3269 Corol.
1167 3205 1262 3290 Prop.
1279 3205 1414 3270 XXXI.
1439 3209 1510 3273 Lib.
1535 3210 1601 3279 ΙΙΙ.

322 3314 460 3397 Princip.
484 3324 516 3377 et
539 3310 611 3375 crim
625 3312 762 3375 maxima
776 3311 870 3375 estin
884 3310 1079 3396 quadraturis
1102 3309 1143 3374 ad
1166 3310 1271 3374 Solem
1285 3311 1318 3373 in
1335 3311 1376 3389 K,
1394 3313 1433 3396 (b)
1457 3315 1602 3394 eamdem

321 3425 471 3488 rationem
486 3423 606 3486 obtinet
620 3419 660 3485 ad
677 3421 757 3486 Solis
772 3421 966 3485 velocitatem
981 3443 1017 3485 ac
1032 3443 1070 3484 ea
1084 3443 1177 3506 quam
1191 3419 1286 3485 habet
1302 3423 1325 3486 S
1342 3422 1373 3486 Κ
1389 3423 1429 3487 ad
1445 3424 1477 3488 T
1494 3426 1518 3490 S
1539 3426 1603 3490 hoc

320 3543 367 3595 est
390 3529 426 3614 (⁶)
448 3539 484 3591 ut
499 3528 686 3612 (differentia
700 3528 920 3612 quadratorum
936 3549 975 3590 ex
990 3526 1022 3590 T
1037 3526 1069 3589 K
1092 3538 1123 3590 et
1145 3527 1176 3590 T
1192 3527 1228 3591 H
1244 3526 1305 3608 vel)
1329 3527 1367 3612 (⁶)
1383 3533 1603 3619 rectangulum

323 3639 356 3703 K
368 3640 405 3703 H
417 3639 457 3705 M
471 3639 512 3703 ad
527 3638 558 3702 T
571 3638 607 3702 H
622 3637 816 3723 quadratum.
863 3637 927 3701 Sed
941 3635 1056 3720 ellipsis
1072 3635 1103 3699 N
1115 3636 1143 3700 B
1153 3635 1190 3701 H
1205 3637 1314 3702 dividit
1329 3651 1482 3705 sectorem
1498 3644 1572 3708 AT
1583 3668 1603 3708 a

322 3766 450 3808 summae
464 3744 577 3808 harum
591 3743 724 3807 duarum
737 3743 932 3806 velocitatem
947 3753 1165 3827 exponentem,
1187 3743 1220 3805 in
1243 3743 1319 3807 duas
1334 3759 1438 3830 partes
1454 3748 1485 3811 A
1502 3749 1530 3813 B
1546 3751 1568 3813 b
1583 3775 1604 3814 a

264 3938 274 3951 ι
322 3863 354 3916 et
377 3851 405 3915 B
427 3853 459 3914 T
479 3852 501 3914 b
522 3853 597 3937 ipsis
612 3848 823 3913 velocitatibus
837 3847 1093 3933 proportionales.
1140 3848 1334 3914 Producatur
1349 3853 1431 3915 enirn
1454 3854 1483 3918 B
1507 3856 1539 3919 T
1561 3858 1605 3922 ad

322 3957 471 4025 circulum
486 3959 519 4021 in
532 3961 563 4037 β,
578 3971 610 4023 et
624 3982 643 4022 a
656 3967 773 4042 puncto
785 3954 814 4018 B
829 3955 1009 4019 demittatur
1022 3955 1063 4020 ad
1075 3977 1170 4020 axem
1177 3959 1327 4041 majorem
1334 3960 1604 4044 perpendicularis

324 4071 353 4136 B
376 4069 418 4146 G,
444 4090 514 4154 quae
528 4061 672 4154 utrinque
687 4068 839 4153 producta
853 4079 996 4132 occurrat
1010 4068 1127 4131 circulo
1148 4069 1181 4131 in
1201 4071 1324 4154 punctis
1350 4071 1377 4135 F
1402 4072 1476 4150 ets,
1505 4076 1544 4157 (θ)
1571 4089 1605 4141 et

355 4286 388 4350 (ὓ)
409 4289 423 4318 0
436 4287 551 4334 numum
561 4287 673 4334 rationem
683 4287 944 4346 obtinuperconstmc-
1009 4281 1042 4348 (⁶)
1063 4285 1076 4314 ⁰
1101 4285 1133 4332 Ut
1142 4283 1269 4347 differentia
1280 4286 1446 4348 quadratorum
1461 4301 1489 4333 ea
1509 4289 1569 4337 ΤΚ
1581 4299 1604 4338 et

226 4342 231 4351 ι
322 4352 418 4399 tionem·
960 4370 962 4375 .
979 4349 1040 4396 ΤΗ
1046 4349 1080 4395 uel
1089 4351 1253 4409 rectiangulum
1261 4351 1289 4396 K
1293 4350 1323 4396 H
1328 4350 1363 4396 M·
1399 4349 1445 4396 Est
1452 4350 1516 4397 euim
1525 4352 1581 4400 ΤΚ
1591 4356 1603 4383 ²

355 4413 389 4478 (⁰)
410 4416 423 4443 '
447 4411 796 4475 Utdiffereutiaquudrutorum
812 4414 943 4461 ecTKet
974 4410 1041 4457 -T
1057 4411 1084 4458 H
1101 4414 1156 4456 ²=
1173 4413 1198 4459 K
1215 4412 1241 4458 H
1260 4419 1284 4468 ><
1305 4411 1384 4469 ΗΜ,
1407 4427 1449 4472 per
1471 4414 1543 4477 Prop.
1570 4416 1602 4465 V.

327 4480 466 4528 Tit-au
481 4479 541 4525 ΤΗ
547 4479 697 4538 quadratum.
731 4477 776 4524 Est
786 4492 814 4524 ex
825 4485 943 4524 condruc-
976 4474 1029 4522 Lib.
1044 4473 1081 4521 11.
1097 4475 1174 4522 Elem.
1189 4474 1301 4522 Euclidia

322 4540 458 4590 tioneTK
476 4540 507 4588 ad
526 4539 587 4588 ΤΗ
605 4549 633 4586 ut
651 4539 822 4599 THadTS,
843 4549 944 4601 actergo
966 4562 978 4580 υ
1007 4535 1042 4602 (⁸)
1056 4541 1069 4569 ¹
1083 4541 1235 4602 thuoniam
1246 4541 1518 4599 quacumque.
1548 4543 1606 4592 Sec.

324 4601 944 4653 TK²adTH²utTKedTSetdivideudo
975 4602 1606 4656 torTAaeatadsectoremTBbutAT²nd

324 4666 944 4717 TK2-T1122dur12utTK-Tsuve
978 4665 1065 4720 BT2,
1083 4666 1493 4730 (quiapropterpurvitutemunguli
1510 4671 1534 4717 A
1549 4670 1605 4728 Tu,

325 4730 491 4780 sKade.
975 4727 1607 4797 murmanouuoemaoearaamu
