3374 5774
488 771 1013 872 mruouucno
1105 697 1108 703 Α

727 1035 778 1082 ΑΙ)

208 1253 396 1334 LUNAE
428 1253 759 1333 THEORIAM
791 1255 1291 1339 NEWTONIANAM.

639 1569 858 1590 ΜΜὶὶ

109 1791 218 1885 Tam
232 1815 303 1885 sunt
318 1823 350 1884 in
365 1821 466 1884 Lunae
481 1819 618 1884 Theoritl
629 1821 805 1904 spectanda,
822 1822 853 1882 in
869 1821 981 1906 quibus
996 1835 1135 1886 versatur
1150 1826 1249 1886 omnis
1264 1827 1395 1910 quaestio

109 1929 314 1992 astronomica
327 1951 396 2013 quae
420 1928 459 1990 de
480 1926 546 2010 ipsi
568 1928 687 1990 institui
699 1939 819 2010 potest3
841 1927 987 2011 primirm,
1005 1930 1070 2011 ejus
1084 1943 1187 1992 motus
1204 1930 1355 2015 quitenus
1378 1954 1395 1993 e

110 2035 210 2098 Terrtl
227 2036 426 2109 observatur3
450 2033 595 2108 secundi),
619 2033 721 2118 figura
735 2033 851 2096 lunaris
867 2033 977 2095 orbitae
999 2057 1018 2095 a
1039 2035 1155 2096 circulo
1170 2033 1240 2120 pltls
1255 2036 1396 2099 minusve

109 2124 257 2204 recedens
272 2153 304 2203 et
318 2139 462 2222 apsidum
477 2140 542 2222 ejus
557 2138 688 2221 positi03
711 2160 747 2201 ac
769 2137 870 2214 tertib,
887 2140 952 2222 ejus
968 2139 1078 2202 orbitae
1101 2140 1140 2202 ad
1163 2141 1336 2224 eclipticam
1349 2144 1396 2203 in-

108 2251 246 2314 clinatio.

152 2357 186 2420 Si
199 2354 289 2418 extri
306 2354 387 2418 Solis
402 2353 554 2416 actionem
571 2352 662 2415 Luna
677 2353 779 2415 mo'tus
796 2375 867 2416 suos
883 2366 998 2439 ageret,
1023 2354 1116 2416 Luna
1130 2355 1262 2437 ellipsim
1286 2378 1396 2440 quam·

106 2465 183 2528 libet
194 2465 278 2527 circa
287 2463 421 2525 Terram
433 2461 607 2524 describere
618 2475 723 2546 posset
738 2462 771 2523 in
781 2463 877 2544 plano
889 2463 1007 2545 quovis,
1024 2476 1055 2525 ct
1070 2486 1107 2526 ea
1117 2465 1232 2547 ellipsis
1243 2463 1396 2550 perpetub

106 2571 217 2634 cadem
230 2581 370 2632 maneret
380 2580 634 2651 constantemque
646 2569 795 2652 angulum
811 2591 881 2631 cum
893 2568 1032 2651 eclipticri
1044 2569 1195 2645 efficeret3
1212 2571 1315 2655 itaque
1331 2584 1396 2637 tota

106 2676 226 2739 theoria
242 2676 344 2739 Lunae
360 2674 443 2736 circa
456 2672 524 2734 haec
540 2686 714 2735 versaretur
730 2673 891 2748 elementa,
914 2671 1026 2754 primi),
1050 2687 1085 2736 ut
1100 2696 1140 2736 ex
1154 2687 1294 2757 tempore
1310 2676 1397 2760 quod

107 2782 200 2845 Luna
211 2795 408 2846 consumeret
421 2794 457 2844 ut
471 2806 490 2844 a
504 2781 638 2864 quidam
649 2780 739 2844 stellrl
752 2781 914 2844 discedens
929 2782 969 2844 ad
985 2782 1125 2844 eamdem
1136 2783 1261 2860 rediret,
1274 2786 1396 2849 obtine-

105 2904 176 2953 atur
190 2891 316 2954 duratio
332 2893 397 2974 ejus
412 2890 526 2951 mensis
544 2891 695 2972 periodici
711 2890 824 2953 siderei
839 2892 944 2974 sicque
958 2904 1062 2954 motus
1076 2894 1142 2976 ejus
1157 2893 1278 2960 medius
1293 2894 1396 2961 deter-

105 2996 249 3070 minetur,
273 2994 357 3056 unde
378 2993 467 3056 facile
489 2994 679 3057 obtinebitur
702 2996 751 3056 via
773 3018 865 3079 quam
884 2996 975 3058 Luna
994 2996 1067 3059 dato
1083 3009 1222 3080 tempore
1244 3022 1301 3081 per
1323 3022 1396 3062 eum

106 3117 223 3165 motum
236 3103 374 3164 medium
385 3103 504 3164 emetiri
519 3115 633 3185 potest,
649 3103 692 3165 ita
707 3115 752 3178 ut,
770 3102 842 3165 data
855 3102 985 3185 epocha
1003 3104 1064 3171 hoc
1080 3117 1136 3184 est,
1154 3105 1228 3169 dato
1238 3106 1309 3170 loco
1325 3107 1395 3170 coeli

105 3214 136 3274 in
158 3235 220 3295 quo
243 3212 335 3275 Luna
358 3211 524 3295 aliquando
547 3212 709 3273 observata
729 3210 845 3287 fuisset,
870 3210 943 3273 inde
965 3234 1058 3295 quem
1079 3213 1112 3274 in
1134 3212 1237 3279 locum
1259 3215 1395 3299 migrare

104 3320 269 3394 debuisset,
287 3319 360 3381 dato
375 3330 524 3400 tempore,
540 3340 597 3401 per
611 3317 705 3379 medii
720 3316 822 3379 motirs
838 3316 990 3381 calculum
1004 3319 1136 3381 inveniri
1149 3331 1263 3402 posset.

149 3429 278 3501 Postea;
300 3427 388 3489 locus
403 3427 524 3511 apogaei
541 3425 651 3500 Lunae,
676 3424 761 3508 quod
783 3425 815 3485 in
837 3425 924 3487 coelis
946 3424 1047 3488 eidem
1061 3438 1180 3508 puncto
1201 3448 1324 3508 semper
1346 3446 1394 3487 re-

104 3537 280 3620 sponderet,
296 3534 376 3598 foret
387 3533 600 3618 requirendus,
614 3532 906 3598 tunrbxcentricitus
917 3534 982 3615 ejus
1003 3534 1122 3608 orbitae,
1139 3535 1183 3595 sic
1198 3534 1280 3595 enim
1293 3531 1394 3617 figura

104 3643 247 3730 ellipseos
264 3666 357 3728 quam
374 3644 466 3705 Luna
482 3643 628 3705 describit
650 3642 851 3717 obtineretur,
876 3654 907 3703 et
929 3642 1011 3726 quia,
1035 3642 1112 3709 citra
1129 3640 1210 3704 Solis
1229 3642 1391 3709 actionem.

105 3751 197 3814 Luna
212 3764 388 3814 moveretur
403 3750 574 3814 secundum
596 3751 697 3836 legem
714 3751 946 3835 Keplerianam,
969 3752 1030 3819 hoc
1053 3765 1108 3827 est,
1130 3753 1174 3813 ita
1195 3764 1231 3814 ut
1251 3764 1393 3835 tempora

104 3858 217 3942 quibus
229 3858 411 3920 durantibus
424 3858 517 3920 Luna
527 3870 713 3933 moveretur,
726 3880 790 3922 non
802 3859 929 3943 quidem
941 3860 1003 3921 sint
1012 3858 1259 3941 proportionalia
1269 3859 1392 3945 angulis

104 3966 238 4055 eTerni
255 3967 407 4050 spectatis,
431 3968 485 4029 sed
501 3968 580 4030 areis
595 3968 766 4051 (lescriptiS,
791 3969 863 4031 hinc
886 3971 940 4034 fiet
963 3981 997 4030 ut
1018 3968 1192 4032 differentia
1214 3970 1275 4032 loci
1290 3968 1392 4030 Lunae

104 4086 300 4156 permotum
321 4073 457 4134 medium
480 4074 650 4156 computati
673 4075 712 4137 ab
734 4077 799 4159 ejus
820 4077 890 4143 loco
912 4096 995 4150 vero,
1021 4075 1197 4138 obtineatur
1219 4097 1259 4139 ex
1281 4074 1391 4141 orbitoe

104 4181 220 4244 lunaris
235 4181 336 4267 figurrl
351 4205 408 4265 per
423 4181 586 4244 methodos
613 4197 711 4260 notas,
738 4207 808 4269 quae
823 4184 996 4248 differentia
1011 4185 1125 4248 dicitur
1140 4184 1274 4269 aequatio
1289 4184 1391 4251 Lunae

104 4289 215 4364 soluta,
231 4289 291 4352 hoc
306 4303 361 4366 est,
379 4291 511 4374 aequatio
527 4314 544 4352 a
562 4291 635 4354 Sole
650 4314 714 4356 non
728 4293 878 4375 pendens,
896 4306 926 4357 et
940 4294 1129 4380 intelligetur
1140 4296 1252 4379 quibus
1268 4295 1300 4357 in
1315 4294 1391 4357 locis

102 4396 156 4459 nla
178 4398 310 4480 aequatio
332 4399 372 4460 sit
394 4399 572 4461 adhibenda
594 4423 632 4462 ex
657 4402 717 4466 situ
739 4403 864 4487 cognito
877 4405 1009 4488 'apogaei
1034 4404 1145 4479 Lunae,
1170 4405 1285 4486 pendet
1307 4403 1390 4467 enim

103 4500 231 4564 omnino
246 4523 282 4563 ea
297 4501 473 4565 differentia
486 4526 526 4565 ex
541 4505 602 4566 situ
619 4505 720 4567 Lunae
735 4506 767 4567 in
782 4506 858 4570 orbe
874 4528 930 4569 suo
948 4521 1089 4591 respectu
1104 4509 1224 4594 apogaei
1241 4509 1297 4570 sui.

158 4609 301 4674 Tertio..
332 4611 546 4685 Quaerendum
576 4613 655 4677 foret
684 4614 958 4692 observationibus
988 4617 1100 4701 quibus
1129 4616 1161 4679 in
1192 4616 1268 4681 locis
1298 4616 1389 4681 Luna

721 4721 770 4766 M
