3374 5774
97 447 207 556 nm
222 489 402 570 0111111]
446 485 1075 555 0010011111101011011101.
1195 560 1202 581 .
1313 489 1375 551 175
1410 576 1415 584 Ι

97 658 190 747 quim
204 660 298 726 calor
322 682 416 746 quem
439 659 540 725 Terra
560 649 655 723 arida
669 657 805 741 concipit
826 656 867 720 ad
888 654 1031 719 aestivum
1046 654 1161 732 Solem,
1181 666 1217 718 ut
1230 662 1376 739 expertus

98 793 185 836 sum:
207 783 239 835 et
253 771 339 836 calor
352 769 426 837 ferri
439 768 598 833 candentis
614 766 646 853 (¹)
663 766 799 852 (sirecte
814 767 982 853 conjector)
1004 765 1093 851 quasi
1107 765 1200 850 triplo
1215 766 1265 830 vel
1279 764 1378 851 quad·

98 878 190 962 ruplo
212 878 312 963 major
337 877 429 963 quim
450 876 536 939 calor
556 896 646 960 aquae
669 874 864 951 ebullientis;
885 873 1019 957 ideaque
1041 871 1135 948 calor,
1161 894 1254 956 quem
1276 871 1379 937 Terra

98 987 187 1052 arida
199 987 283 1072 apud
298 997 450 1050 cometam
470 985 503 1047 in
522 984 675 1068 peribelio
689 995 864 1049 versantem
878 1005 919 1048 ex
932 982 1028 1046 radiis
1042 981 1194 1046 solaribus
1214 981 1379 1066 concipere

23 1152 26 1159 .
99 1106 213 1178 posset,
240 1093 328 1179 quasi
351 1100 438 1157 2000
463 1090 583 1157 vicibus
606 1092 705 1175 major
728 1089 822 1176 quam
845 1088 929 1154 calor
956 1089 1031 1152 ferri
1059 1088 1227 1152 candentis.
1274 1088 1378 1151 Tanto

98 1211 203 1263 autem
224 1199 327 1262 calore
348 1218 480 1280 vapores
496 1208 528 1261 et
548 1196 770 1274 exhalationes,
793 1197 954 1281 omnisque
975 1195 1104 1259 materia
1125 1193 1257 1259 volatilis
1277 1193 1380 1257 statim

99 1306 243 1371 consumi
261 1327 298 1369 ac
312 1303 456 1388 dissipari
470 1302 656 1368 debuissent

144 1420 275 1485 Cometa
293 1417 389 1504 igitur
410 1416 443 1479 in
461 1415 614 1499 perihelio
630 1437 688 1479 suo
702 1415 838 1479 calorem
850 1415 1037 1497 immensum
1052 1412 1091 1476 ad
1109 1412 1213 1478 Solem
1228 1410 1381 1496 concepit,

99 1541 132 1593 et
152 1527 285 1592 calorem
308 1516 397 1588 illum
418 1523 588 1588 diutissime
608 1546 792 1589 conservare
816 1535 927 1609 potest.
972 1523 1056 1587 Nam
1078 1524 1189 1611 globus
1211 1523 1286 1588 ferri
1309 1545 1383 1611 can·

100 1633 202 1698 dentis
218 1631 354 1718 digitum
374 1651 473 1694 unum
491 1630 583 1708 latus,
603 1630 738 1694 calorem
760 1653 850 1701 suum
872 1651 996 1694 onmem
1010 1629 1111 1714 spatio
1130 1629 1218 1692 borae
1238 1631 1331 1693 unius
1349 1630 1384 1693 in

102 1746 174 1813 a‘e're
190 1742 362 1806 consistens
382 1739 436 1802 vix
457 1739 619 1803 amitteret.
665 1739 788 1804 Globus
801 1751 906 1802 autem
919 1739 1019 1824 major
1033 1738 1166 1802 calorem
1181 1737 1295 1800 diutius
1310 1758 1385 1801 con-

101 1863 239 1917 servaret
253 1850 286 1916 in
301 1849 421 1913 ratione
434 1847 586 1925 diametri,
606 1859 774 1931 propterea
788 1847 873 1933 quod
888 1846 1066 1931 superficies
1089 1845 1143 1930 (ad
1158 1846 1245 1930 cujus
1259 1866 1386 1914 mensu·

100 1983 168 2026 ram
188 1982 247 2046 per
268 1970 445 2023 contactum
460 1957 540 2021 a'e'ris
555 1956 718 2020 ambientis
733 1957 945 2043 refrigeratur)
967 1957 1001 2019 in
1021 1954 1074 2020 'lta
1089 1956 1209 2019 ratione
1222 1956 1326 2019 minor
1340 1968 1388 2021 est

101 2092 161 2155 pro
172 2070 343 2155 quantitate
352 2067 490 2132 materiae
501 2089 566 2130 suae
577 2067 686 2135 calidae
699 2067 836 2132 inclusae.
862 2067 1001 2152 Idedque
1014 2066 1127 2153 globus
1137 2064 1212 2130 ferri
1226 2067 1387 2134 candentis

102 2180 176 2243 huic
190 2178 301 2243 Terrae
314 2177 452 2263 aequalis,
468 2176 502 2240 id
515 2188 572 2253 est,
585 2176 682 2260 pedes
695 2176 768 2262 plus
781 2178 885 2240 minus
900 2184 1072 2241 40000000
1086 2174 1177 2252 latus,
1191 2175 1300 2239 diebus
1316 2177 1388 2240 toti·

103 2287 185 2364 dem,
212 2296 244 2350 et
267 2284 386 2349 idcirco
412 2283 501 2350 annis
523 2292 640 2363 50000,
663 2285 717 2348 vix
742 2284 963 2371 refrigesceret.
1010 2282 1158 2367 Suspicor
1177 2293 1281 2348 tamen
1303 2284 1387 2369 quod

103 2395 227 2462 duratio
249 2394 369 2472 caloris,
392 2394 434 2459 ob
456 2415 564 2458 causas
585 2393 724 2470 latentes,
747 2405 898 2480 augeatur
918 2392 952 2454 in
972 2390 1094 2455 minore
1110 2390 1230 2454 ratione
1244 2375 1337 2476 (iusim
1353 2395 1398 2458 eas

103 2503 263 2567 diametri:
288 2500 326 2587 (¹¹)
342 2512 374 2566 et
388 2502 521 2587 optarim
534 2503 686 2566 rationem
699 2524 804 2566 veram
818 2523 875 2587 per
890 2501 1103 2586 experimenta
1115 2501 1303 2587 investigari.

149 2608 251 2677 Porrd
265 2609 437 2674 notandum
452 2609 597 2696 estquod
612 2622 732 2674 cometa
741 2631 848 2676 mense
858 2609 1038 2687 Decembri,
1049 2609 1103 2673 ubi
1118 2609 1159 2673 ad
1176 2609 1281 2674 Solem
1294 2606 1391 2673 modi>

104 2717 284 2794 incaluerat,
298 2716 430 2783 caudam
444 2717 603 2781 emittebat
616 2717 710 2804 longe
724 2719 874 2803 majorem
889 2728 920 2781 et
935 2714 1178 2802 splendidiorem
1191 2713 1285 2801 quim
1300 2729 1394 2779 antea

104 2848 210 2889 mense
221 2825 402 2902 Novembri,
414 2825 469 2889 ubi
478 2825 664 2909 perihelium
674 2825 815 2891 nondum
826 2827 978 2914 attigerat.
1006 2825 1047 2891 Et
1059 2824 1271 2890 universaliter
1283 2822 1392 2888 caudae
1466 2836 1469 2843 “

44 2971 47 2980 =
104 2958 212 2999 omnes
225 2935 370 2999 maximae
385 2948 416 2999 et
429 2935 663 3023 fulgentissimae
677 2960 695 3002 0
710 2939 837 3003 cometis
852 2939 996 3002 oriuntur
1014 2936 1118 3002 statim
1138 2947 1212 3021 post
1226 2919 1390 3000 transitum

105 3063 215 3105 eorum
229 3063 287 3127 per
300 3042 460 3128 regionem
477 3042 573 3107 Solis.-
614 3043 771 3108 Conducit
783 3033 880 3132 igitur
893 3043 1052 3108 calefactio
1067 3055 1197 3107 cometas
1211 3041 1252 3106 ad
1270 3039 1392 3128 magni·
1474 3053 1476 3057 ’

107 3147 246 3211 tudinem
268 3147 393 3220 caudae.
433 3148 467 3233 (¹)
489 3148 536 3214 Et
555 3149 630 3214 inde
645 3152 791 3240 colligere
809 3151 918 3216 videor
932 3150 1017 3238 quod
1036 3151 1136 3216 cauda
1149 3151 1228 3214 nihil
1247 3150 1332 3214 aliud
1352 3150 1393 3214 sit

106 3256 201 3342 quim
215 3280 311 3342 vapor
326 3259 419 3346 longe
433 3261 640 3340 tenuissimus,
664 3285 758 3350 quem
774 3275 869 3347 caput
883 3285 937 3327 seu
951 3262 1080 3327 nucleus
1094 3275 1224 3326 cometae
1237 3284 1295 3346 per
1309 3261 1391 3324 calo'-

11 3364 18 3371 ’
105 3386 173 3428 rem
188 3387 279 3427 suum
294 3366 414 3430 emittit.

150 3468 309 3535 Caeterirm
330 3471 370 3534 de
392 3483 583 3536 cometarum
603 3471 709 3535 caudis
730 3472 844 3556 triplex
866 3485 913 3538 est
934 3473 1059 3558 opini03
1083 3497 1134 3538 eas
1149 3474 1198 3538 vel
1215 3474 1309 3558 jubar
1324 3496 1391 3538 esse

111 3578 192 3642 solis
213 3599 271 3662 per
291 3578 481 3642 translucida
495 3591 686 3644 cometarum
700 3582 803 3666 capita
823 3596 1039 3670 propagatum,
1062 3584 1112 3648 rel
1125 3583 1202 3647 oriri
1223 3605 1263 3647 ex
1277 3581 1391 3647 refrac-

111 3686 196 3750 tione
217 3684 295 3749 lucis
316 3686 351 3749 in
371 3707 540 3773 progressu
561 3686 658 3772 ipsius
673 3687 808 3773 scopite
823 3701 953 3752 cometae
973 3689 1007 3753 in
1029 3688 1172 3766 Terram,
1194 3686 1243 3752 vel
1257 3688 1392 3775 denique

139 3836 171 3902 (¹)
183 3841 196 3870 ⁸
210 3841 234 3887 Si
247 3837 308 3887 recti
318 3839 438 3902 1011100111.
474 3839 547 3887 Hanc
558 3839 669 3888 Newtoni
679 3855 745 3888 aon·v
766 3839 854 3888 diutius
869 3841 970 3890 calorem
985 3840 1010 3887 in
1026 3839 1160 3900 corporibus
1175 3839 1268 3888 retineri
1277 3855 1326 3902 quo
1341 3855 1392 3887 ma·

105 3900 220 3962 jacturam
232 3902 390 3965 experimenta
399 3901 543 3951 continuant.
568 3904 600 3951 In
613 3905 732 3952 ’1111111101
762 3904 816 3966 jora
833 3913 895 3963 sunt,
915 3905 1004 3952 01110111
1021 3905 1122 3965 paribus.
1158 3904 1183 3951 Si
1201 3913 1280 3952 sutem
1296 3917 1392 3964 corpora

111 3964 243 4026 Philosopb.
258 3981 324 4013 num.
338 3970 393 4014 270.
406 3966 544 4015 describitur
559 3967 639 4015 tabula
653 3967 736 4016 caloris
766 3968 871 4043 ejusdem
889 3967 996 4016 diametri
1033 3967 1168 4031 'uademqne
1186 3968 1275 4025 01110111,
1297 3968 1393 4015 diverses

106 4027 318 4088 gradusexhibena.
343 4030 532 4093 (Hujustabuler
540 4032 735 4080 constructionem
766 4041 813 4079 sint
823 4031 946 4088 densitatis
958 4048 1011 4095 quse
1019 3985 1127 4079 densiora
1137 4039 1199 4089 sunt,
1211 4032 1393 4094 ealorisquoque

102 4091 154 4153 jam
165 4094 314 4151 exposuimus
323 4094 350 4140 111
360 4103 408 4141 not.
423 4093 453 4142 ad
466 4095 520 4143 cor.
531 4101 554 4142 4.
570 4095 641 4157 Prop.
654 4095 734 4144 v111.
766 4104 822 4143 sunt
839 4097 972 4155 tenaciam
995 4095 1096 4144 densitas
1114 4095 1177 4153 eru‘m
1198 4096 1277 4158 ignem
1294 4096 1392 4153 coiircet,

108 4155 161 4203 Lib.
180 4155 249 4216 111.)
282 4157 322 4204 Ex
338 4157 416 4205 relatis
430 4160 461 4206 ab
476 4166 557 4206 sutore
572 4158 736 4220 experimentis
765 4158 875 4222 illiusque
891 4175 1009 4224 egressum
1023 4175 1052 4209 ex
1068 4159 1156 4207 intimis
1171 4161 1274 4221 partibus
1283 4160 1391 4208 retardat.

107 4216 226 4280 colligitur
240 4220 340 4267 calorem
355 4222 418 4279 ferri,
435 4233 550 4285 quantum
566 4221 658 4270 levioris
673 4222 736 4285 ignis
768 4223 833 4277 Quia
849 4222 904 4271 verb
920 4222 1008 4273 intimae
1026 4238 1151 4284 corporum
1168 4232 1244 4283 partes
1264 4223 1395 4272 innumeris

108 4281 256 4356 0011110101
273 4285 356 4342 potuit,
373 4286 509 4344 candefacti,
521 4286 611 4334 circiter
621 4286 692 4334 fuisse
703 4285 736 4350 a}
766 4287 842 4333 modis
855 4288 937 4334 variari
947 4297 1017 4366 atque
1031 4287 1092 4335 inter
1102 4304 1126 4336 se
1141 4288 1393 4350 permisceripossunt,

107 4358 220 4418 megaram
236 4344 308 4408 quim
327 4348 389 4395 calor
406 4355 474 4412 aquae
491 4350 631 4398 ebullientis.
668 4349 736 4398 Hinc
765 4349 820 4397 hinc
831 4360 894 4411 patet
904 4351 929 4397 in
939 4351 990 4413 ipsa
1000 4351 1082 4400 caloris
1092 4351 1264 4400 conservatione
1274 4367 1323 4399 non
1334 4353 1395 4400 leves

107 4423 170 4470 ignis
181 4410 357 4458 vehementioris
363 4427 408 4472 ope
414 4423 483 4462 aucto
489 4413 564 4462 calore
572 4414 627 4462 ferri
635 4413 738 4463 canden-
769 4414 888 4463 venantes
898 4415 953 4463 oriri
963 4431 1036 4476 posse.
1067 4417 1116 4464 Hae
1126 4426 1183 4466 sunt
1192 4415 1288 4464 sortasse
1298 4415 1397 4465 11100101

107 4473 144 4528 tis,
164 4470 227 4520 recte
242 4473 384 4535 conjectatur
403 4477 533 4525 Newtonus
548 4479 649 4526 calorem
667 4477 739 4540 hujus
770 4492 846 4525 01010
861 4494 914 4541 quse
931 4481 1074 4528 Newtonum
1088 4480 1113 4526 in
1125 4493 1175 4528 eam
1187 4479 1342 4540 suspicionem
1358 4482 1395 4525 in·
1415 4490 1420 4500 ·

21 4592 22 4596 ¹
107 4535 164 4582 t'erri
182 4536 249 4598 quasi
266 4537 337 4597 triplo
350 4537 391 4584 vel
409 4540 541 4602 quadruplo
555 4542 669 4604 majorem
688 4542 738 4590 lieri
768 4540 894 4600 duxemnt,
914 4543 1059 4592 durationem
1075 4544 1162 4591 scilicet
1177 4543 1259 4591 caloris
1274 4543 1355 4607 augeri
1370 4543 1396 4590 in
1419 4557 1424 4566 ¹

107 4597 179 4662 quim
190 4599 253 4647 calor
262 4615 330 4663 aquas
341 4601 482 4650 ebullientis.
768 4605 853 4653 minori
864 4606 951 4655 ratione
961 4607 1033 4671 quim
1043 4606 1073 4655 01
1082 4607 1194 4656 diametri.

140 4661 176 4727 (¹²)
195 4666 257 4713 ‘Et
275 4667 373 4726 aptarim
389 4668 502 4715 manem
521 4684 605 4717 01111111.
642 4669 736 4718 Clarias.
801 4669 832 4733 (¹)
845 4673 858 4701 ⁶
871 4672 905 4719 Et
920 4671 974 4722 inde
984 4675 1085 4735 colligere
1095 4674 1178 4720 videar·
1214 4673 1287 4719 Hanc
1302 4678 1395 4718 senten-

110 4725 264 4799 llermaunus
281 4729 416 4776 Boerbaave
435 4727 461 4776 in
478 4730 609 4779 Elementis
625 4733 737 4789 chemise,
769 4731 827 4780 tiam
848 4733 955 4794 pluribus
978 4735 1122 4803 argumentis
1143 4735 1251 4800 deinceps
1275 4734 1397 4784 confimat

108 4786 289 4854 diligentimmia
299 4792 462 4854 experimentis
473 4809 498 4842 se
508 4795 622 4845 invenisse
632 4797 703 4846 reiert
710 4795 739 4845 011
771 4796 924 4848 Newtonus'
1190 4819 1193 4826 ·

723 4880 785 4929 Ma
