3374 5774
131 456 243 520 Lmen
253 456 432 535 Tannus]
464 453 705 520 PRINCIPIA
728 451 1121 525 MATHEMATICA„
1358 467 1419 523 109

298 728 580 795 PROPOSITIO
605 729 791 794 XXXVII.
838 727 1098 793 PROBLEMA
1122 728 1263 800 xvtss..

443 944 581 1008 Invenire
594 944 653 1007 vim
667 944 769 1007 Luna
781 946 825 1007 ad
837 965 920 1007 mare
933 945 1113 1007 movendum.
1192 988 1194 993 -

174 1155 210 1240 (⁰)
233 1155 289 1218 Vis
305 1154 406 1219 Lunae
421 1153 463 1217 ad
476 1177 563 1218 mare
577 1153 767 1220 movendum
779 1152 954 1240 colligenda
968 1165 1069 1217 estex
1083 1155 1148 1238 ejus
1162 1156 1365 1238 proportione
1378 1156 1419 1235 ad

129 1264 193 1326 vim
208 1265 301 1340 Solis,
324 1276 356 1328 et
369 1264 440 1327 hec
452 1264 617 1348 proportio
630 1263 807 1349 colligenda
820 1275 923 1327 estex
936 1264 1139 1348 proportione
1153 1246 1295 1328 motuum
1313 1265 1418 1343 maris,

128 1374 182 1457 qui
197 1373 236 1436 ab
251 1373 300 1435 his
315 1375 431 1436 viribus
447 1373 598 1436 oriuntur.
631 1373 715 1436 Ante
731 1373 844 1449 ostium
854 1373 941 1435 fluvii
957 1374 1078 1437 Avonae
1093 1374 1133 1436 ad
1147 1374 1283 1457 lapidem
1291 1375 1419 1438 tertium

127 1481 209 1543 infra
235 1481 428 1558 Bristolium‚
456 1493 596 1566 tempore
621 1503 717 1544 verno
743 1493 775 1544 et
797 1482 968 1545 autumnali
992 1494 1076 1546 totus
1101 1504 1190 1568 aquae
1216 1505 1360 1547 ascensus
1374 1482 1420 1553 ¹iu

129 1584 346 1672 conjunctione
361 1587 602 1672 etoppositione
616 1586 826 1663 luminarium,
843 1587 1025 1652 observante
1043 1589 1186 1652 Samuele
1203 1590 1350 1665 Sturmio‚
1372 1598 1421 1652 est

127 1694 244 1778 pedum
258 1694 330 1777 plus
342 1695 450 1757 minus
460 1702 512 1770 45,
536 1694 569 1755 in
585 1693 781 1778 quadraturis
796 1706 900 1756 autem
915 1705 962 1757 est
975 1693 1091 1777 pedum
1106 1705 1225 1758 tantum
1241 1703 1291 1760 25.
1337 1696 1418 1760 Alti-

128 1803 203 1866 tudo
224 1803 311 1885 prior
337 1825 377 1864 ex
399 1801 518 1864 summi
544 1801 666 1877 virium,
690 1801 843 1883 posterior
864 1823 904 1864 ex
928 1802 1098 1864 earundem
1120 1801 1291 1866 differentii
1307 1803 1416 1867 oritur.

128 1911 208 1976 Solis
230 1912 340 1998 igitur*
353 1922 384 1974 et
410 1909 512 1974 Lunae
535 1911 569 1971 in
595 1921 753 1993 mquatore
778 1909 968 1971 versantium
993 1921 1023 1971 et
1047 1908 1247 1973 mediocriter
1270 1935 1290 1973 a
1316 1909 1418 1975 Terris

126 2021 305 2084 distantium
317 2030 410 2082 sunto
426 2019 507 2081 vires
525 2018 548 2080 S
564 2029 595 2079 et
610 2016 650 2092 L,
674 2027 705 2080 et
720 2016 780 2080 erit
795 2015 824 2080 L
844 2025 875 2090 -Ι-
899 2018 921 2079 S
936 2016 976 2078 ad
992 2016 1080 2080 L-
1096 2018 1119 2080 S
1134 2028 1169 2080 ut
1183 2026 1224 2082 45
1240 2018 1280 2080 ad
1295 2025 1347 2094 25,
1364 2041 1418 2082 seu

106 2151 110 2160 ·
128 2135 147 2189 9
164 2124 204 2188 ad
221 2133 250 2188 5.
366 2150 367 2155 ¹
1412 2146 1416 2151 ’

169 2235 208 2297 ln
224 2245 319 2318 portu
336 2232 497 2319 Plymuthi
512 2243 606 2295 aestus
621 2233 714 2295 maris
730 2231 1000 2313 exuobservatione
1017 2232 1168 2294 Samuelis
1185 2233 1361 2318 Colepressi
1376 2233 1417 2296 ad

125 2342 221 2425 pedes
234 2341 307 2425 plus
322 2342 424 2405 minus
437 2341 594 2405 sexdecim
605 2339 767 2404 altitudine
776 2339 927 2402 mediocri
942 2339 1100 2415 attollitur,
1117 2362 1153 2403 ac
1166 2349 1306 2424 tempore
1321 2362 1418 2405 verno

125 2460 156 2510 et
170 2447 488 2511 autumnali'altitudo
503 2445 596 2510 aestts
612 2447 645 2508 in
661 2444 792 2532 syzygiis
808 2466 956 2528 superare
969 2455 1073 2529 potest
1094 2445 1289 2510 altitudinem
1304 2448 1369 2531 ejus
1383 2449 1418 2516 in

126 2553 323 2638 quadraturis
338 2553 470 2636 pedibus
486 2553 556 2636 plus
571 2552 689 2636 septem
704 2550 754 2612 vel
769 2561 850 2612 octo.
897 2551 931 2614 Si
945 2551 1081 2612 maxima
1091 2548 1203 2628 barum
1218 2551 1417 2619 altitudinum

125 2658 298 2722 differentia
313 2659 352 2722 sit
365 2658 482 2742 pedum
496 2679 619 2733 novem,
638 2657 696 2720 erit
711 2656 740 2720 L
757 2665 789 2731 4-
808 2657 830 2720 S
845 2655 886 2719 ad
901 2656 930 2720 L
945 2693 989 2706 —
1005 2657 1028 2720 S
1042 2668 1078 2719 ut
1092 2659 1154 2737 2οᾗ
1171 2656 1212 2719 ad
1228 2665 1288 2742 113
1303 2680 1362 2724 seu'
1373 2670 1411 2725 41

123 2768 164 2829 ad
179 2775 230 2830 23.
277 2767 360 2842 Quae
381 2767 543 2851 proportio
570 2765 642 2829 satis
668 2765 812 2852 congruit
837 2786 909 2828 cum
932 2766 1045 2850 priore.
1092 2765 1145 2829 Ob
1168 2767 1417 2853 magnitudinem

124 2875 216 2938 aestds
237 2875 270 2936 in
294 2885 388 2957 portu
411 2864 576 2950 Bristoliae,
600 2873 866 2937 observationibus
879 2874 1019 2937 ³Sturmii
1043 2874 1142 2960 magis
1164 2874 1326 2940 fidendum
1348 2901 1415 2944 esse

123 2983 257 3060 videtur,
281 2967 415 3071 ideisque
430 2985 531 3047 donec
552 2983 670 3069 aliquid
683 2984 796 3048 certius
819 2983 1000 3060 constiterit,
1024 2983 1259 3067 proportionem
1285 2995 1305 3050 9
1331 2987 1372 3051 ad
1393 2995 1413 3053 5

122 3091 349 3174 usurpabimus.
600 3102 602 3107 '
1400 3129 1403 3133 ·

170 3199 328 3262 Caeterum
342 3201 383 3264 ob
398 3223 549 3287 aquarum
565 3193 741 3286 reciprocos
756 3213 868 3278 motus,
896 3213 990 3265 aestus
1003 3202 1133 3266 maximi
1148 3224 1211 3264 non
1225 3202 1368 3265 incidunt
1380 3203 1414 3266 in

121 3306 205 3390 ipsas
220 3305 420 3370 luminarium
435 3309 585 3395 syzygias,
610 3305 665 3372 sed
687 3318 760 3372 sunt
780 3304 864 3371 tertii
884 3329 903 3369 a
924 3306 1056 3392 syzygiis
1078 3317 1114 3368 ut
1134 3305 1252 3369 dictum
1266 3305 1333 3383 fuit,
1358 3329 1413 3371 seu

120 3413 265 3498 proxime
280 3430 453 3501 sequuntur
465 3418 593 3482 tertium
609 3417 711 3480 Lunae
724 3428 796 3501 post
810 3416 949 3502 syzygias
971 3416 1137 3500 appulsum
1151 3415 1192 3479 ad
1205 3415 1411 3480 meridianum

56 3506 60 3514 ¹
121 3520 192 3598 loci,
216 3522 266 3583 vel
280 3523 385 3607 potius
412 3527 461 3606 (ut
474 3547 494 3585 a
510 3524 648 3586 Sturmio
662 3522 801 3601 notatur)
825 3533 897 3585 sunt
912 3521 994 3584 tertii
1009 3530 1081 3604 post
1095 3519 1176 3582 diem
1198 3519 1348 3582 novilunii
1362 3521 1414 3603 vel

121 3629 295 3715 plenilunii,
313 3631 368 3694 sed
381 3643 454 3715 post
466 3631 578 3695 horam
599 3655 619 3694 a
639 3632 799 3695 novilunio
813 3632 863 3694 vel
877 3629 1048 3715 plenilunio
1061 3630 1132 3714 plus
1146 3628 1248 3692 minus
1263 3629 1410 3694 duodeci-

120 3739 372 3825 mam,'ide6que
386 3739 529 3804 incidunt
551 3740 585 3804 in
608 3739 719 3804 horam
743 3765 762 3804 a
785 3741 945 3804 novilunio
959 3740 1010 3804 vel
1022 3739 1194 3825 plenilunio
1215 3739 1286 3822 plus
1307 3742 1410 3804 minus

122 3849 390 3937 quadragesimam
411 3850 542 3914 tertiam.
589 3848 737 3915 Incidunt
751 3850 825 3916 verb
840 3853 873 3914 in
887 3850 949 3916 hoc
962 3863 1055 3936 portu
1069 3851 1103 3914 in
1116 3851 1227 3913 horam
1248 3849 1410 3933 septimam

121 3956 242 4021 circiter
257 3958 297 4022 ab
311 3940 446 4044 appulsu
457 3958 559 4023 Lunae
574 3961 615 4023 ad
629 3961 836 4025 meridianum
843 3962 923 4038 loci3
938 3961 1072 4047 ideoque
1081 3959 1224 4044 proxime
1239 3972 1409 4046 sequuntur

119 4064 284 4146 appulsum
299 4065 401 4129 Lunae
423 4066 463 4128 ad
484 4067 699 4145 meridianum,
724 4068 778 4131 ubi
801 4068 893 4132 Luna
909 4066 1001 4131 distat
1023 4091 1042 4130 a
1066 4067 1139 4130 Sole
1162 4067 1209 4131 vel
1224 4066 1264 4129 ab
1280 4065 1408 4150 opposi-

118 4173 204 4236 tione
216 4174 296 4238 Solis
304 4175 452 4262 gradibus
463 4175 534 4259 plus
545 4177 649 4240 minus
659 4177 832 4241 octodecim
843 4178 892 4241 vel
902 4177 1114 4241 novemdecim
1129 4178 1162 4240 in
1178 4174 1406 4262 consequentia.

118 4279 227 4343 AEstas
243 4291 274 4344 et
286 4281 394 4366 hyems
408 4281 543 4346 maxime
560 4284 675 4370 vigent,
698 4285 810 4347 nonin
826 4285 900 4367 ipsis
915 4284 1060 4362 solstitiis,
1084 4284 1139 4348 sed
1159 4270 1215 4348 'ubi
1239 4282 1293 4347 Sol
1315 4282 1407 4346 distat

118 4410 137 4449 a
152 4385 290 4450 solstitiis
305 4385 424 4451 decimi
448 4380 573 4452 circiter
583 4401 672 4472 parte
694 4392 787 4453 totius
803 4390 957 4467 circuitio,
981 4412 1035 4453 seu
1049 4390 1197 4478 gradibus
1211 4389 1283 4473 plus
1302 4388 1406 4452 minus
1472 4468 1474 4472 y

120 4502 159 4558 36
175 4493 225 4557 vel
240 4499 292 4560 37.
338 4493 381 4556 Et
395 4493 536 4559 similiter
549 4497 704 4560 maximus
718 4507 813 4560 aestus
827 4497 921 4559 maris
936 4495 1034 4559 oritur
1048 4497 1089 4560 ab
1102 4493 1235 4580 appulsu
1250 4492 1407 4558 Lunae-ad

148 4682 183 4748 (ο)
203 4688 217 4716 “
235 4687 273 4733 Vir
284 4687 365 4734 Lvooe
380 4689 411 4734 ad
425 4703 490 4735 amre
506 4692 653 4736 morcardum.
689 4689 761 4737 wo..
780 4689 863 4736 noullii
880 4698 904 4738 et
924 4690 994 4752 Prop.
1017 4689 1066 4738 IX.
1086 4689 1112 4736 in
1133 4654 1301 4736 bisantione
1316 4682 1403 4734 elath.

120 4747 178 4807 eap.
190 4748 311 4797 V1·num.
325 4754 362 4797 10.
376 4749 402 4797 in
414 4750 679 4799 Dissertationeclariss·
689 4752 747 4800 Ber·
781 4753 931 4802 Maclaurini.
1186 4783 1188 4791 .

736 4837 791 4884 Ha
