3374 5774
226 427 268 483 26
507 413 849 482 PHILOSOPHIAE
872 414 1145 480 NATURALIS
1189 416 1261 495 [Dr
1279 415 1401 482 Moru
1418 417 1518 484 Srsr.

228 589 285 655 tier
307 587 429 674 signum
445 588 551 674 anguli
566 588 694 672 alicujus
717 588 758 650 de
779 587 962 651 affirmativo
983 588 1014 650 in
1037 589 1225 675 negativum,
1249 590 1350 676 deque
1364 593 1518 678 negativo

227 698 260 760 in
283 696 500 760 nffinnatirum
514 708 661 773 mutatur,
687 696 812 760 debebit
826 707 927 760 motus
951 697 1141 782 regressivus
1165 697 1198 759 in
1221 698 1455 784 progressivum
1482 711 1514 762 et

226 805 439 891 progressivus
464 805 496 867 in
523 805 731 890 regressivum
756 803 880 866 mutari.
926 803 1022 866 Unde
1047 804 1084 866 fit
1108 817 1143 866 ut
1168 803 1243 866 nodi
1268 805 1513 890 progrediantur

226 912 347 998 quoties
362 912 455 975 Luna
468 912 549 975 inter
564 910 785 996 quadraturam
799 909 980 973 alterutram
1002 921 1034 974 et
1055 909 1173 972 nodum
1188 910 1386 994 quadratura·
1400 910 1511 994 proxi-

224 1042 313 1085 mum
328 1031 476 1084 versatur.
521 1019 600 1083 Aliis
616 1020 649 1082 in
664 1019 783 1082 casibus
799 1018 1029 1105 regrediuntur,
1053 1030 1085 1082 et
1098 1040 1155 1101 per
1170 1039 1332 1081 excessum
1348 1039 1510 1105 regressus

226 1151 321 1213 supra
334 1149 533 1216 progressum
548 1127 677 1213 singulis
692 1126 848 1190 mensibus
861 1125 1004 1189 feruutur
1017 1125 1050 1187 in
1065 1124 1288 1189 antecedentia.

224 1321 296 1373 tatur,
313 1317 395 1364 deute
404 1324 479 1364 motus
494 1315 628 1376 regresrivur
643 1315 669 1361 ia
682 1315 849 1375 progressioum
880 1313 938 1376 gulo
952 1315 975 1360 A
989 1313 1011 1359 T
1021 1329 1053 1369 m,
1070 1311 1170 1376 idedque
1181 1312 1295 1374 producti
1304 1311 1368 1361 linei
1383 1314 1393 1362 l
1405 1315 1428 1362 Τ
1437 1315 1464 1362 in
1477 1314 1507 1371 V,

224 1387 245 1426 et
254 1382 406 1441 progrerrivus
416 1382 442 1427 iu
452 1380 598 1440 regreuivum
609 1381 703 1425 mutari.
881 1377 983 1439 angulus
996 1378 1019 1423 A
1032 1378 1055 1424 Τ
1066 1376 1090 1423 V
1100 1377 1297 1438 complementum
1313 1377 1343 1425 ed
1358 1377 1418 1425 duos
1433 1387 1509 1426 rectos

256 1444 309 1491 Art.
325 1448 345 1490 1.
378 1442 403 1490 Si
413 1452 459 1490 tres
469 1442 550 1505 anguli
561 1441 607 1487 sint
618 1440 715 1501 positivi,
732 1439 847 1488 nodorum
879 1440 961 1503 anguli
979 1442 1003 1487 A
1017 1441 1065 1497 Tl,
1082 1442 1158 1505 major
1168 1441 1311 1504 eritcngulo
1329 1443 1352 1488 A
1365 1443 1387 1489 Τ
1402 1442 1426 1489 Ν
1442 1457 1509 1490 com·

224 1513 302 1553 motuis
313 1505 356 1553 erit
365 1506 512 1568 regressivuu
879 1505 998 1565 plemento
1016 1505 1046 1551 od
1064 1504 1124 1551 duos
1141 1515 1215 1552 rectos
1231 1504 1313 1568 anguli
1331 1504 1355 1552 A
1367 1505 1390 1552 Τ
1400 1520 1432 1562 m,
1450 1521 1508 1569 ergo

258 1569 289 1616 In
299 1571 343 1617 boc
354 1584 415 1624 eun,
432 1585 499 1616 arcus
517 1571 540 1616 A
553 1569 578 1615 N
594 1577 674 1615 contra
684 1568 789 1616 ordinem
799 1569 846 1631 rig-
880 1568 956 1617 nodus
968 1569 992 1615 N
1003 1577 1168 1629 promotorem
1177 1578 1258 1616 contre
1267 1568 1373 1615 ordinem
1383 1568 1507 1630 signoruni

224 1646 308 1680 norum
316 1641 423 1693 sumptus
431 1648 478 1679 non
487 1633 577 1679 excedit
585 1631 773 1680 semi-circulum.
783 1631 847 1679 ided-
879 1643 907 1679 nt
917 1633 995 1693 prius;
1013 1647 1069 1694 ergo
1079 1633 1220 1694 ubicumque
1231 1633 1261 1680 sit
1270 1641 1385 1692 punctum
1399 1632 1508 1680 Psitrcs

223 1709 270 1757 que
286 1705 401 1756 punctum
412 1697 438 1743 N
454 1697 498 1743 erit
515 1697 541 1742 in
557 1696 714 1742 remi-circulo
733 1697 757 1743 A
771 1697 796 1750 Q
808 1697 828 1743 B
838 1713 846 1753 ;
879 1696 961 1758 anguli
976 1696 1029 1750 QT
1038 1696 1068 1752 P3
1081 1697 1106 1743 N
1116 1697 1138 1744 T
1148 1696 1178 1753 P,
1191 1698 1208 1744 S
1219 1696 1241 1743 T
1251 1696 1275 1743 N
1286 1696 1332 1743 sint
1342 1696 1441 1757 positivi,
1454 1712 1506 1746 mo.

223 1768 333 1820 pretereo
341 1775 408 1807 arcus
417 1761 443 1815 Q
450 1760 471 1807 P
478 1758 607 1807 secundino
615 1758 720 1805 ordinem
728 1760 847 1823 signorum
879 1770 918 1806 tur
929 1759 983 1806 nodi
994 1769 1029 1807 est
1039 1761 1185 1823 regressivus.

224 1832 337 1883 sumptus,
357 1829 403 1870 180
412 1839 447 1885 gr.
458 1838 506 1869 non
517 1822 613 1874 excedit,
631 1823 674 1869 erit
684 1823 762 1884 itaque
772 1839 847 1883 punc·
911 1825 964 1870 Art.
985 1830 1006 1870 2.
1041 1824 1151 1871 Mutetur
1167 1825 1251 1871 horum
1269 1823 1411 1887 angulorum
1430 1825 1506 1887 quivis

223 1893 275 1932 tum
294 1886 358 1934 Pin
374 1886 568 1941 semi-circuloQ
585 1887 648 1948 Aq;
665 1885 765 1948 denique
780 1902 848 1934 arcus
879 1903 908 1934 er
927 1887 1025 1946 positivo
1041 1887 1066 1933 in
1083 1888 1217 1948 negativum
1235 1888 1383 1934 manentibus
1402 1888 1506 1948 positivis

224 1949 251 1995 N
263 1948 285 1996 P
295 1949 451 1998 semicirculo
460 1952 534 2025 major
545 1965 593 1996 esse
604 1964 652 1995 non
663 1948 738 2006 debet,
753 1950 794 1998 sed
804 1966 846 2010 po·
878 1951 971 2013 anguiis
981 1950 1073 1998 duobus
1083 1951 1185 2014 reliquis,
1197 1961 1275 1998 motus
1289 1951 1405 1999 nodorum
1421 1967 1450 2000 ex
1466 1968 1504 2000 re·

222 2019 266 2059 test
283 2013 319 2060 rel
337 2013 464 2075 quadrante
474 2027 551 2061 mmor
569 2013 606 2060 rei
621 2013 749 2074 quadrante
765 2015 845 2077 major,
878 2014 979 2077 gressivo
989 2016 1144 2076 progressivae
1155 2016 1201 2062 fiet.

222 2074 254 2123 sit
265 2076 290 2123 N
300 2077 321 2123 P
331 2077 458 2138 quadrante
468 2077 546 2126 minor
556 2086 583 2124 ut
593 2077 618 2122 in
629 2075 706 2139 figuti
716 2087 800 2135 textus,
819 2079 845 2124 in
911 2081 960 2126 Cur.
975 2084 997 2125 2.
1035 2079 1087 2125 Fiat
1097 2079 1198 2141 angulus
1211 2080 1236 2133 Q
1247 2080 1269 2126 Τ
1282 2078 1441 2141 Pnegrtivus,
1459 2081 1504 2128 hoc

221 2137 270 2201 qud
279 2139 374 2201 relique
391 2142 462 2203 hujus
472 2157 539 2188 casus
554 2140 698 2188 conditiones
713 2151 845 2200 occurrunt,
877 2150 919 2197 est,
931 2151 1045 2202 punctum
1057 2143 1079 2189 P
1094 2143 1160 2189 sitin
1170 2143 1325 2190 senii-circulo
1343 2144 1369 2198 Q
1380 2145 1401 2191 Β
1412 2159 1435 2206 q,
1452 2159 1502 2191 mr-

221 2202 307 2263 exipsd
314 2203 410 2265 hujusce
419 2205 570 2264 proportionis
576 2203 746 2253 construetione

221 2265 296 2328 liquet
311 2266 375 2330 quod
392 2268 464 2314 ductii
483 2269 512 2314 M
530 2268 552 2314 L
568 2282 621 2329 quse
637 2268 746 2327 exprimit

221 2330 335 2378 actionem
343 2330 411 2386 Solis,
423 2329 536 2390 producti
546 2332 574 2378 Μ
586 2331 607 2377 Ρ
616 2346 669 2392 quae
677 2331 746 2377 linere

221 2393 337 2442 nodorum
348 2397 449 2442 occurrit
466 2395 492 2442 in
510 2410 542 2449 m,
562 2392 675 2456 producti
692 2395 711 2440 t
724 2395 745 2441 P

220 2471 273 2518 que
284 2459 383 2506 occurrit
393 2459 585 2519 plenoeciipticre
600 2460 626 2505 in
642 2458 659 2513 l,
675 2457 708 2504 im
718 2470 746 2505 ut

221 2520 584 2580 mlsitperolieieiineoeML,
601 2522 657 2570 cirm
675 2522 697 2568 L
714 2522 746 2569 sit

221 2597 300 2630 vernus
308 2582 386 2630 Solem
397 2596 502 2645 respectu
510 2588 591 2645 puncti
603 2587 631 2633 M
642 2595 666 2632 et
676 2586 745 2632 lines

222 2645 253 2695 M
266 2646 331 2702 Pm,
344 2646 414 2694 LPl
429 2648 744 2710 sesedecnssentpunctum

221 2707 230 2755 l
240 2708 284 2757 erit
293 2709 405 2761 remotius
414 2727 429 2758 a
441 2710 495 2758 Sole
505 2711 576 2774 quim
587 2722 700 2771 pnocmm
710 2728 743 2769 m,

221 2769 321 2882 idebque
330 2773 432 2837 unguine
444 2778 465 2822 A
479 2774 520 2821 Ti
536 2777 610 2838 mehr
620 2775 664 2822 erit
673 2774 747 2836 qudm

221 2851 323 2899 ugnus
343 2838 445 2896 ATm,
464 2853 520 2902 ergo
538 2839 745 2899 nodusptomotus

192 2910 196 2919 '
221 2908 257 2950 cn
272 2910 353 2948 couno
370 2902 477 2950 ordinem
492 2904 621 2966 signorum,
639 2905 684 2950 hoc
698 2912 743 2959 est,
813 2922 817 2939 ι

221 2963 271 3024 ejus
281 2974 359 3012 motus
368 2974 403 3013 est
411 2965 558 3028 regressirus.

254 3026 290 3075 Sit
301 3028 327 3076 N
338 3029 361 3076 P
369 3029 498 3090 quadrante
507 3031 588 3092 major,
608 3039 660 3078 tum
675 3030 744 3077 lineae

224 3089 250 3137 1³1
258 3091 297 3147 M,
316 3091 338 3138 P
349 3093 372 3139 L
383 3106 430 3138 non
441 3093 542 3153 mplius
551 3104 620 3141 eruut
629 3103 743 3154 renopro-

220 3152 511 3205 memdaeuteumiinet
527 3158 550 3204 T
563 3159 742 3214 Nooucurrant,

220 3217 400 3267 aimoinum
411 3219 530 3281 productae
540 3231 679 3270 concurrent
688 3236 743 3269 cum

1017 3298 1087 3336 nente
1098 3288 1194 3349 positivo
1210 3288 1299 3349 angulo
1317 3290 1333 3335 S
1347 3290 1368 3335 T
1381 3289 1406 3335 N
1423 3289 1456 3337 ite
1473 3301 1499 3338 ut

1018 3353 1044 3400 N
1055 3353 1084 3399 sit
1095 3355 1119 3398 in
1130 3352 1285 3398 semi-circulo
1298 3354 1320 3399 A
1333 3354 1394 3408 QB,
1404 3362 1428 3399 et
1438 3356 1500 3414 pari.

1016 3417 1414 3541 ixitittiiititiii
1426 3418 1499 3528 iii

1016 3544 1171 3590 semi-circulo
1185 3543 1210 3597 Q
1221 3545 1242 3590 B
1253 3559 1269 3605 q
1280 3545 1418 3602 positionem
1428 3546 1499 3592 hebet

1017 3608 1145 3668 oppositum
1156 3607 1191 3653 illi
1201 3623 1271 3669 qnam
1283 3609 1381 3656 habebat
1390 3608 1416 3654 in
1427 3610 1497 3656 semi-

1016 3671 1102 3718 circulo
1123 3673 1149 3726 Q
1159 3672 1209 3733 Aq
1227 3681 1255 3718 ut
1271 3680 1360 3718 constat
1377 3687 1406 3718 ex
1424 3673 1496 3733 Prop.

1016 3734 1116 3783 va1.
1137 3735 1190 3782 Lib.
1206 3735 1227 3781 Ι.
1249 3735 1282 3781 its
1301 3744 1329 3782 ut
1347 3737 1496 3795 punctumL

958 3841 963 3855 ,
1015 3798 1045 3845 sit
1062 3815 1077 3846 a
1097 3798 1151 3847 sole
1167 3799 1278 3845 remotius
1287 3797 1363 3862 'quim
1379 3810 1496 3859 punctum

956 3860 965 3874 “
1017 3863 1046 3909 Μ
1053 3881 1060 3920 ;
1073 3863 1149 3924 itaque
1155 3863 1174 3909 si
1188 3863 1209 3909 P
1221 3863 1245 3909 N
1256 3861 1285 3909 sit
1293 3865 1370 3909 minor
1379 3863 1497 3926 quadran·

1015 3934 1045 3982 te,
1054 3928 1123 3974 liuere
1134 3927 1156 3974 1.
1165 3926 1186 3975 P
1194 3926 1409 3986 retroproducendae
1418 3938 1503 3986 erunt„

1015 3999 1039 4037 et
1049 4000 1162 4051 punctum
1178 3989 1187 4036 l
1202 3991 1245 4038 erit
1255 3991 1350 4050 propius
1362 3990 1409 4038 Soli
1423 3989 1497 4052 quim

1014 4065 1129 4116 punctum
1139 4071 1180 4113 m;
1191 4052 1292 4118 idedque
1301 4054 1403 4118 ungulus
1415 4054 1439 4100 A
1452 4056 1476 4102 T
1486 4054 1496 4101 l

1014 4118 1092 4165 minor
1102 4119 1145 4166 erit
1155 4119 1243 4181 angulo
1255 4119 1278 4164 A
1287 4119 1347 4174 Tm,
1359 4132 1414 4181 ergo
1426 4117 1496 4193 (edm

1015 4182 1158 4230 diminuetur
1169 4185 1269 4246 angulus
1287 4182 1346 4229 AT
1355 4181 1381 4228 N
1396 4196 1438 4243 qur
1454 4198 1495 4230 su-

1015 4247 1087 4293 mitur
1097 4258 1176 4294 contrs
1186 4246 1291 4293 ordinem
1302 4245 1434 4309 signorum)
1452 4261 1495 4293 no·

1014 4310 1059 4357 dus
1069 4309 1196 4358 secunddm
1208 4309 1312 4357 ordinem
1328 4309 1449 4373 signorum
1461 4319 1496 4357 est
1583 4354 1589 4365 ,

994 4406 999 4414 ,
1014 4386 1140 4435 promotus,
1150 4375 1244 4439 ejusque
1252 4383 1331 4422 motus
1336 4374 1496 4437 progremirus

219 4507 270 4572 ejus
280 4504 433 4567 productione
451 4503 473 4551 T
484 4518 508 4561 n,
526 4510 549 4550 et
564 4501 675 4564 quoniam
685 4519 734 4551 sese
744 4517 792 4550 non
802 4501 842 4550 de-
908 4502 934 4549 Si
952 4500 1005 4549 verd
1013 4447 1054 4550 ΒΝ
1063 4502 1085 4551 Ρ
1103 4504 1133 4550 sit
1142 4502 1216 4564 major
1226 4500 1353 4564 quadrante
1363 4498 1495 4575 aunorsu'qr

219 4578 318 4626 cumr,
335 4569 437 4617 manebit
447 4576 562 4628 punctim
577 4566 587 4613 l
602 4567 696 4626 propius
708 4567 757 4616 Soli
772 4564 842 4629 quim
874 4565 992 4626 productis
1002 4565 1069 4613 lineis
1082 4567 1103 4613 P
1115 4567 1152 4621 M,
1167 4564 1188 4611 P
1200 4565 1221 4610 L
1237 4574 1351 4624 punctum
1368 4565 1376 4610 1
1392 4565 1495 4628 manebit

220 4647 335 4698 puuctum
346 4651 370 4682 m
379 4653 387 4693 ς
405 4643 428 4682 et
438 4634 540 4695 snguine
558 4633 579 4679 A
594 4632 636 4680 ΤΙ
651 4631 728 4679 minor
743 4631 787 4678 erit
800 4645 842 4678 an·
875 4630 985 4677 remotius
1005 4648 1020 4678 a
1040 4631 1093 4678 Sole
1114 4628 1184 4691 quim
1205 4639 1319 4688 punctum
1339 4642 1372 4684 m,
1394 4622 1496 4690 idedque
