3374 5774
128 459 437 542 ,LrnnaTanrrus.]
469 457 711 527 PRINCIPIA
734 460 1106 527 MATHEMATICA.
1361 473 1422 533 129

132 632 195 696 line
211 632 328 712 cursis,
344 635 399 699 ubi
413 634 515 699 motirs
530 635 707 719 apparentis
726 657 801 720 pars
822 635 885 713 illa,
909 658 979 721 quae
994 658 1012 698 a
1026 636 1178 719 parallaxi
1192 637 1301 714 oritur,
1324 640 1421 724 majo·

128 760 198 802 rem
218 740 312 810 babet
336 743 570 825 proportionem
591 741 631 805 ad
652 755 770 817 motum
786 754 886 805 totum
901 756 1113 824 apparentem,
1137 742 1300 806 deflectere
1315 745 1418 810 solent

129 850 170 912 ab
184 849 233 913 his
247 851 381 929 circulis,
399 863 430 915 et
444 851 566 936 quoties
575 851 678 918 Terra
691 863 833 915 movetur
848 851 881 913 in
896 873 989 914 unam
1003 864 1134 935 partem,
1151 851 1236 913 abire
1252 852 1284 913 in
1299 866 1418 936 partem

129 958 328 1022 contrariam.
374 957 485 1023 Oritur
505 958 575 1022 haec
596 958 731 1023 deflexio
746 957 888 1049 ¹manime
909 980 950 1022 ex
970 957 1131 1041 parallaxi,
1153 971 1320 1042 propterea
1334 965 1416 1046 quod

128 1065 297 1148 respondet
317 1065 416 1129 motui
438 1065 566 1140 Terrae3
590 1078 623 1129 et
636 1065 767 1151 insignis
789 1067 855 1150 cju‘s
870 1065 1034 1151 quantitas,
1057 1086 1128 1127 meo
1143 1077 1300 1147 computo,
1324 1066 1418 1131 collo·

128 1171 210 1234 cavit
230 1171 423 1256 disparentes
439 1184 575 1236 cometas
590 1172 664 1235 satis
678 1171 772 1259 longe
793 1171 874 1235 infra
888 1171 1009 1236 Jovern.
1055 1171 1151 1235 Unde
1166 1191 1357 1256 consequens
1369 1188 1418 1239 est

127 1279 212 1364 quod
236 1282 269 1343 in
291 1282 435 1367 perigaeis
462 1293 493 1345 et
513 1280 682 1364 periheliis,
708 1281 764 1346 ubi
785 1280 915 1366 propiis
940 1281 1062 1358 adsunt,
1089 1282 1283 1347 descendunt
1304 1284 1417 1368 saepius

128 1386 208 1450 infra
223 1389 315 1452 orbes
332 1389 447 1452 Martis
463 1400 493 1452 et
508 1388 689 1452 inferiorum
704 1388 909 1472 planetarum.
953 1453 957 1461 ,
1184 1462 1186 1467 ,

172 1494 386 1558 Confirmatur
402 1494 493 1558 etiam
509 1496 725 1581 propinquitas
741 1511 932 1562 cometarum
949 1499 986 1582 (θ)
1002 1522 1042 1564 ex
1055 1499 1126 1564 luce
1141 1501 1287 1584 capitum.
1333 1501 1414 1565 Nam

125 1602 264 1686 corporis
279 1604 411 1668 coelestis
426 1627 445 1667 a
462 1604 534 1669 Sole
548 1605 693 1669 illustrati
708 1617 739 1669 et
753 1607 786 1668 in
802 1607 944 1693 regiones
960 1608 1145 1693 longinquas
1156 1608 1307 1686 abeuntis,
1325 1609 1417 1672 dimi·

123 1701 231 1772 nuitur
254 1710 402 1793 splendor
422 1712 456 1774 in
478 1711 713 1796 quadruplicati
736 1713 858 1775 ratione
880 1712 1054 1775 distantiae:
1078 1713 1110 1776 in
1126 1714 1281 1797 duplicati
1297 1717 1416 1779 ratione

122 1816 265 1881 videlicet
279 1818 321 1881 ob
335 1831 458 1882 auctam
473 1819 613 1901 corporis
627 1819 805 1882 distantiam
819 1844 838 1882 a
852 1819 935 1895 Sole,
952 1820 1030 1883 etin
1044 1820 1103 1883 aliti
1119 1821 1275 1904 duplicati
1295 1825 1414 1889 ratione

121 1924 163 1987 ob
185 1923 371 1990 diminutam
392 1925 579 1987 diametrum
600 1937 812 2007 apparentem.
857 1925 954 1992 Unde
969 1927 995 1989 si
1009 1927 1100 1991 detur
1115 1940 1147 1992 et
1166 1930 1242 1993 lucis
1257 1933 1412 2017 quantitas

121 2042 154 2094 et
168 2055 322 2115 apparens
338 2032 488 2095 diameter
503 2043 643 2106 cometae,
659 2031 784 2094 dabitur
798 2030 953 2107 distantia,
969 2030 1103 2095 dicendo
1115 2035 1198 2117 quod
1213 2036 1360 2103 distantia
1374 2041 1415 2104 sit

122 2138 162 2200 ad
177 2139 355 2201 distantiam
369 2137 514 2220 planetae,
530 2137 564 2198 in
578 2135 699 2199 ratione
714 2136 857 2201 diametri
871 2136 912 2205 ad
926 2137 1112 2205 diametrum
1123 2138 1239 2204 directe
1251 2155 1282 2205 et
1293 2147 1413 2211 ratione

39 2322 41 2333 Ι
122 2244 279 2328 duplicatis
294 2245 372 2309 lucis
388 2245 429 2308 ad
443 2245 545 2308 lucem
560 2243 690 2307 inverse.
731 2245 783 2308 Sic
797 2244 927 2310 minima
941 2245 1080 2329 capillitii
1096 2260 1225 2312 cometae
1240 2253 1313 2315 anni
1331 2263 1413 2321 1682

119 2351 279 2430 diameter,
300 2374 357 2437 per
372 2353 483 2416 tubum
498 2351 636 2436 opticum
654 2351 810 2419 sexdecim
833 2352 951 2436 pedum
964 2376 984 2415 a
1000 2353 1190 2421 Flamstedio
1204 2358 1368 2425 observata
1381 2376 1413 2433 et

117 2464 316 2528 micrometro
330 2477 518 2538 mensurata,
535 2463 679 2548 aequabat
694 2464 734 2527 2‘.
750 2464 790 2527 0''
800 2485 809 2538 ;
824 2462 953 2529 nucleus
968 2477 1072 2528 autem
1086 2487 1141 2528 seu
1156 2466 1245 2531 stella
1259 2469 1291 2531 in
1306 2471 1412 2537 medio

119 2573 227 2656 capitis
241 2575 295 2637 vix
310 2573 462 2636 decimam
476 2584 597 2655 partem
619 2571 790 2635 latitudinis
806 2571 898 2656 hujus
913 2574 1095 2656 occupabat,
1120 2576 1253 2661 ideoque
1268 2579 1331 2643 lata
1345 2594 1412 2646 erat

119 2692 240 2745 tantum
264 2683 333 2745 ll'‘.
349 2681 398 2744 vel
426 2682 497 2746 12⁶.
556 2680 643 2744 Luce
666 2678 742 2744 verb
767 2691 799 2743 et
824 2681 963 2745 claritate
988 2683 1097 2766 capitis
1123 2688 1290 2770 superabat
1315 2701 1411 2773 caput

117 2799 248 2850 cometae
263 2787 336 2852 anni
355 2795 448 2862 1680,
472 2785 636 2871 stellasque
649 2786 760 2870 primae
775 2786 822 2859 vel
846 2787 994 2860 secundae¹
1006 2789 1228 2876 magnitudinis
1243 2795 1411 2859 aemulaba-
1507 2859 1509 2865 ,

114 2907 176 2960 tur.
221 2896 380 2959 Ponamus
404 2896 573 2959 Saturnum
597 2917 668 2958 cum
691 2895 887 2966 annulosuo
910 2897 999 2981 quasi
1022 2899 1198 2984 quadruplo
1223 2901 1404 2979 lucidiorem

113 3002 226 3065 fuisse:
249 3013 281 3065 et
302 3000 449 3086 quoniam
471 3000 526 3062 lux
547 3000 654 3062 annuli
675 3000 903 3084 propemodum
919 3002 1064 3087 aequabat
1084 3003 1186 3068 lucem
1201 3007 1286 3092 globi
1308 3008 1404 3073 inter·

114 3108 221 3185 medii,
243 3122 274 3172 et
294 3108 445 3172 diameter
465 3129 619 3192 apparens
638 3106 725 3193 globi
740 3107 780 3172 sit
794 3107 882 3193 quasi
898 3109 970 3171 ⁶21⁶.
986 3108 1120 3194 ideoque
1133 3110 1190 3175 lux
1204 3112 1291 3199 globi
1306 3127 1337 3181 et
1351 3139 1407 3181 an·

113 3270 218 3312 aurnum
230 3263 355 3312 descendit
383 3263 531 3319 Quiatamen
543 3264 567 3310 in
579 3262 660 3311 eodem
673 3263 745 3325 pinno
777 3262 874 3325 sphaera
890 3261 1012 3320 contineri,
1032 3261 1132 3326 idedque
1147 3263 1271 3311 densitates
1288 3264 1406 3312 radiorum

111 3345 205 3390 semper
215 3329 308 3386 incedit,
321 3331 400 3376 orbem
409 3329 552 3384 circularem,
563 3328 659 3376 Tellure
683 3330 742 3375 uias·
775 3330 878 3375 arentin
890 3330 978 3375 ratione
995 3329 1168 3387 superficierum
1185 3328 1350 3388 splroericarum
1367 3329 1404 3375 in·

111 3403 186 3450 cante,
202 3393 319 3440 videretur
334 3393 469 3448 describere,
486 3392 527 3438 sed
538 3390 647 3453 qnoniam
663 3345 744 3438 lellus
776 3391 848 3448 verse,
865 3393 909 3438 hoc
920 3391 1003 3447 estin
1015 3392 1103 3437 ratione
1113 3390 1231 3451 duplicati
1245 3390 1403 3438 aemi-diame-

112 3457 163 3517 ipaa
184 3466 291 3504 movetur
312 3456 337 3502 in
360 3456 430 3517 plano
449 3456 567 3516 ecliptica,
590 3465 682 3502 comata
702 3471 744 3514 pro
775 3466 864 3503 trorum
882 3456 930 3502 sive
948 3455 1109 3502 distantiarum
1128 3471 1143 3502 a
1158 3469 1253 3515 corpore
1270 3454 1349 3502 lucido
1366 3455 1404 3501 in-

111 3520 207 3568 diversis
228 3521 307 3567 Terrae
328 3521 385 3566 locis
407 3522 548 3575 observatus,
572 3516 644 3565 modd
666 3518 744 3565 versus
776 3518 840 3566 verse
858 3522 908 3584 (14.
924 3519 977 3566 Lib.
993 3517 1037 3579 L).
1075 3519 1155 3574 Quare
1165 3518 1230 3564 nulli
1242 3519 1404 3565 distantiarum

110 3585 204 3631 boream
220 3583 291 3631 altius
307 3583 438 3639 ascendere,
455 3580 527 3630 modo
535 3579 623 3639 ‚versus
639 3591 744 3629 austrum
776 3581 854 3630 habiti
865 3583 960 3639 ratione,
972 3583 1072 3629 sensatio
1082 3597 1135 3644 quae
1146 3597 1160 3628 a
1170 3581 1240 3628 radiis
1251 3596 1333 3628 nervos
1343 3584 1402 3643 opti,

110 3648 208 3695 inferius
217 3646 357 3694 descendere
372 3645 498 3706 apparebit.
537 3645 744 3694 observationibus
776 3661 816 3692 coa
833 3646 1015 3707 percutientibus
1032 3645 1151 3700 excitatur,
1171 3653 1205 3692 est
1221 3653 1248 3693 ut
1263 3645 1403 3707 quadratum

111 3714 257 3773 compertum
268 3720 302 3757 est
313 3719 414 3757 cometas
433 3707 602 3769 propemodum
614 3710 639 3756 in
651 3710 743 3756 circulis
774 3708 994 3756 distantiaeinrerad.
1018 3708 1063 3756 Sed
1071 3707 1119 3771 qud
1127 3707 1279 3755 remotinsest
1289 3708 1402 3767 lucidum,

111 3777 219 3822 maximis
230 3789 333 3852 pergere,
345 3773 451 3835 quandiu
462 3773 701 3829 moventurcelerius,
718 3783 743 3820 at
775 3789 803 3820 eo
819 3773 939 3834 pauciores
949 3772 1007 3820 radii
1017 3772 1047 3820 ad
1057 3773 1152 3820 oculum
1169 3773 1314 3832 perveniunt,
1331 3773 1403 3836 idque

112 3838 138 3885 in
154 3840 200 3887 tine
216 3855 297 3887 cursus
313 3837 433 3885 deflectere
450 3837 525 3884 solent
540 3840 570 3884 ab
585 3839 621 3883 his
635 3837 743 3894 circulis;
776 3836 801 3882 in
820 3835 938 3897 duplicati
957 3837 1045 3884 ratione
1064 3836 1225 3883 distantiarum
1248 3836 1311 3899 (loco
1331 3835 1403 3897 supra

112 3903 163 3949 hac
178 3913 257 3950 sutem
266 3901 374 3949 deflexio
391 3901 476 3961 pendet
494 3916 523 3948 er
542 3899 593 3962 ipat
608 3901 744 3963 trajectoriae
775 3900 828 3962 cit)
840 3903 884 3949 hoc
895 3910 936 3958 est,
953 3901 978 3948 in
988 3899 1108 3960 duplicat
1117 3899 1206 3947 ratione
1215 3899 1320 3947 diametri
1331 3915 1402 3961 apps-

113 3977 256 4014 cometarum
279 3964 402 4013 curvaturai
423 3966 452 4013 da
476 3965 523 4026 qua
549 3965 617 4012 infra.
664 3964 743 4018 Quare
775 3965 985 4012 rentisdiminutre.
1022 3962 1108 4019 Quare,
1121 3963 1289 4024 componendo,
1300 3965 1403 4024 corporis

112 4028 220 4090 deinceps
235 4028 355 4076 trademus
371 4044 476 4076 normam
492 4029 596 4088 computi
612 4043 660 4091 quo
671 4031 742 4077 Neve·
775 4028 874 4076 coelestis
889 4045 903 4075 a
921 4027 975 4075 Sole
986 4026 1093 4073 illustrati
1108 4034 1132 4074 et
1145 4027 1169 4073 in
1185 4029 1291 4088 regiones
1308 4027 1402 4088 longin-

112 4101 182 4140 tonus
198 4094 339 4154 disparentes
355 4105 457 4141 cometas
472 4091 613 4156 nebelongi
628 4092 743 4142 intrtJo-
775 4109 833 4156 quas
854 4094 959 4139 abeuntis
980 4090 1119 4137 diminuitur
1138 4092 1246 4151 splendor
1267 4092 1291 4136 in
1313 4093 1402 4139 ratione

113 4171 165 4201 vern
181 4158 308 4214 collocarit,
326 4157 488 4220 nonnullaque
498 4156 622 4203 afferemus
637 4155 744 4216 exempla
776 4154 1083 4218 quadruplicatirdistantioe.
1114 4155 1168 4202 Erit
1177 4153 1401 4216 itaquequadratur'n

112 4230 253 4267 cometarum
281 4222 305 4267 ui
321 4220 382 4267 iniri
391 4223 459 4269 orbes
471 4221 556 4270 Martis
566 4229 590 4268 et
606 4221 741 4270 inferiorum
775 4220 889 4267 distantiae
900 4229 1020 4266 cometaea
1033 4218 1086 4265 Sole
1096 4218 1126 4265 ad
1136 4218 1275 4281 quadratum
1287 4218 1401 4266 distantia

110 4283 255 4343 planetarum
264 4238 441 4332 descenderunt.
773 4284 873 4344 planetae
883 4286 912 4330 ab
922 4281 1003 4330 eodem
1014 4282 1039 4328 in
1050 4283 1138 4330 ratione
1149 4280 1277 4342 compositi
1286 4297 1314 4329 er
1323 4282 1402 4343 dupli.

776 4346 828 4395 catti
844 4348 932 4394 ratione
942 4346 1048 4393 diametri
1063 4346 1193 4406 apparentis
1203 4355 1300 4392 cometae
1310 4346 1340 4393 ad
1351 4345 1401 4395 die·

92 4458 94 4463 .
144 4411 250 4476 (⁹)1ss.
270 4416 284 4443 ⁸
302 4415 340 4463 Ec
359 4416 412 4462 luce
431 4417 541 4476 capitum.
577 4411 744 4476 intelligantur
775 4421 877 4458 metrum
899 4419 1047 4471 apparentem
1068 4411 1167 4470 planetae
1188 4419 1212 4456 et
1233 4410 1322 4457 ratione
1342 4409 1401 4458 lucis

113 4473 169 4522 dure
190 4477 322 4537 superficies
346 4478 464 4537 sphaericae
485 4477 643 4534 concentricoe,
667 4477 744 4523 minor
776 4475 875 4534 planeta
895 4475 924 4519 ad
952 4475 1029 4521 lucem
1049 4483 1153 4521 cometa.
1200 4472 1272 4521 Unde
1293 4472 1401 4521 distantia

111 4553 167 4597 uns,
180 4541 255 4602 maj0r
265 4542 345 4597 alters,
364 4548 388 4586 et
402 4541 428 4586 in
439 4551 518 4588 centro
528 4541 649 4603 utriusque
660 4541 743 4588 consti-
776 4548 872 4585 cometa
882 4553 897 4584 a
909 4536 963 4584 Sole
973 4537 1047 4585 estad
1057 4538 1190 4585 distantiam
1205 4537 1305 4597 planeta
1320 4540 1350 4585 ab
1360 4551 1399 4583 eo-

111 4611 193 4650 tutum
205 4603 309 4667 fingatur
319 4619 403 4662 corpus
417 4603 510 4666 aliquod
525 4604 639 4651 lucidum.
677 4605 744 4658 Quo-
776 4602 829 4649 dem
849 4602 873 4648 in
893 4603 981 4650 ratione
999 4600 1126 4661 compositi
1144 4615 1173 4646 ex
1192 4601 1281 4649 ratione
1295 4599 1402 4648 diametri

110 4666 173 4713 niam
186 4682 271 4728 corpus
283 4666 344 4714 illud
356 4666 432 4713 radios
440 4682 493 4714 suos
504 4682 545 4728 per
552 4682 646 4714 omnem
657 4668 742 4714 circui-
775 4667 906 4726 apparentis
924 4676 1020 4715 cometa
1041 4664 1070 4711 ad
1091 4664 1230 4711 diametrum
1251 4670 1400 4725 apparentem

110 4738 162 4775 tum
183 4731 317 4793 diffundit„
332 4729 426 4778 evidens
447 4739 481 4777 est
505 4730 603 4778 eandan
624 4731 743 4778 radiorum
775 4730 875 4790 planetae
885 4739 909 4777 et
918 4729 1007 4779 ratione
1020 4725 1182 4788 mbdupticnt
1192 4728 1251 4776 lucis
1260 4726 1401 4790 plsnetaesd

106 4793 261 4854 quantitatem
290 4795 315 4842 in
342 4789 445 4843 concavi
478 4792 598 4854 superficie
623 4795 744 4856 utriusque
774 4793 851 4842 lucem
862 4805 966 4842 cometoe.
1379 4798 1383 4808 ’

724 4877 767 4924 14
