3374 5774
40 538 43 543 .
98 475 210 540 Lmen
220 475 399 555 Tanarus]
433 474 674 540 PRINCIPIA
697 475 1066 541 MATHEMATICA.
1315 487 1374 541 las

97 649 270 727 viciniores,
294 634 348 735 qui
366 650 400 711 in
418 649 466 712 his
480 648 621 733 partibus
636 661 849 723 versarentur;
873 659 904 711 et
920 648 975 713 Sol
988 637 1186 731 interpositus
1201 648 1379 713 obscuraret

98 769 234 820 caeteros.
267 755 385 819 Verum
397 755 607 840 percurrendo
622 755 765 818 historias
777 767 976 831 cometarum,
990 757 1090 838 reperi
1106 756 1189 840 quod
1201 758 1379 842 quadruplo

97 862 148 926 vel
168 863 331 947 quintuplo
352 863 456 945 plures
471 861 584 925 detecti
599 874 670 924 sunt
689 863 721 924 in
736 862 957 946 hemisphaerio
974 862 1078 926 Solem
1093 885 1208 940 versus,
1232 863 1323 948 quam
1344 865 1378 928 in

97 968 317 1051 hemisphaerio
339 969 491 1052 opposito,
515 982 630 1051 praeter
651 968 727 1030 alios
753 967 958 1052 proculdubio
983 991 1048 1030 non
1070 991 1196 1053 paucos,
1221 994 1298 1056 quos
1322 973 1379 1034 lux

98 1074 207 1136 solaris
230 1075 356 1137 obtexit.
401 1073 560 1137 Nimirum
581 1074 614 1135 in
628 1074 781 1137 descensu
795 1073 836 1136 ad
857 1073 999 1159 regiones
1013 1086 1136 1137 nostras
1150 1098 1250 1160 neque
1265 1078 1377 1140 caudas

98 1181 251 1257 emittunt,
274 1202 376 1265 neque
396 1180 477 1243 adab
498 1181 691 1244 illustrantur
712 1203 739 1254 ax
753 1181 835 1256 Sole,
859 1193 894 1242 ut
913 1180 1005 1242 nudis
1027 1181 1124 1244 oculis
1139 1205 1172 1244 se
1193 1183 1279 1265 prius
1294 1184 1379 1248 dete·

98 1289 217 1375 gendos
240 1291 416 1365 exhibeant,
441 1288 533 1375 qudm
556 1291 617 1353 sint
637 1291 706 1373 ipso
719 1289 797 1353 Jove
812 1289 982 1372 propiores.
1029 1289 1128 1371 Spatii
1142 1302 1245 1352 autem
1260 1293 1380 1356 tantillo

29 1421 31 1426 ·
98 1398 260 1461 intervallo
282 1399 363 1461 circa
381 1398 486 1462 Solem
500 1398 645 1481 descripti
660 1418 732 1481 pars
753 1396 846 1482 longe
867 1396 966 1479 major
981 1395 1040 1458 sita
1055 1408 1134 1458 esta
1147 1397 1242 1460 latere
1257 1398 1378 1474 Terrae,

99 1504 184 1588 quod
201 1504 306 1567 Solem
321 1505 462 1588 respicit3
485 1503 579 1588 inque
600 1515 688 1587 parte
709 1500 761 1564 ilbi
780 1503 897 1584 majore
912 1514 1050 1577 cometoe,
1077 1501 1142 1565 Soli
1163 1503 1379 1585 utplurimum

99 1612 272 1688 viciniores,
288 1613 386 1698 magis
400 1611 567 1675 illuminari
582 1600 698 1674 solent(
789 1685 793 1695 1
1167 1688 1169 1698 A

144 1720 242 1781 Corol.
260 1728 289 1782 3.
315 1717 352 1802 (¹)
370 1719 458 1781 Hinc
480 1718 573 1781 etiam
593 1709 790 1781 manifestum
812 1729 867 1792 est,
891 1715 976 1802 quod
1000 1715 1070 1778 coeli
1093 1717 1265 1781 resistentib
1288 1712 1380 1784 desti-¹

99 1839 239 1891 tuuntur.
285 1829 367 1906 Nam
390 1819 519 1892 cometae
541 1828 605 1890 vias
627 1828 768 1913 obliquas
783 1839 814 1891 et
827 1851 1050 1914 nonnunquam
1065 1831 1168 1892 cursui
1189 1831 1381 1913 planetarum

100 1936 271 1998 contrarias
293 1936 400 2013 secuti,
423 1922 588 1998 moventur
609 1926 802 1996 omnifariam
823 1933 990 2009 liberrime,
1015 1944 1046 1996 et
1064 1945 1167 1997 motus
1187 1957 1269 2012 suos,
1290 1926 1382 2002 etiam

100 2054 209 2124 contra
230 2064 355 2105 cursum
380 2042 575 2125 planetarum
597 2039 767 2103 diutissime
790 2052 981 2102 conservant.
1038 2041 1072 2124 (¹)
1098 2040 1204 2103 Fallor
1229 2043 1262 2103 ni
1284 2066 1382 2130 genus

99 2150 296 2233 planetarum
317 2151 387 2224 sint,
412 2160 443 2211 et
463 2162 551 2211 motu
569 2160 721 2232 perpetuo
734 2148 767 2209 in
783 2148 891 2210 orbem
906 2143 1044 2211 redeant.
1090 2147 1174 2211 Nam
1188 2149 1272 2233 quod
1286 2151 1383 2235 scrip·

100 2268 184 2319 tores
199 2256 293 2341 aliqui
314 2267 453 2320 meteora
467 2278 534 2319 esse
548 2256 665 2331 volunt,
688 2267 906 2341 argumentum
921 2279 940 2319 a
954 2257 1092 2339 capitum
1113 2258 1269 2340 perpetuis
1283 2269 1384 2322 muta·

100 2365 236 2428 tionibus
262 2364 419 2440 ducentes,
446 2363 649 2428 fundamento
676 2385 781 2427 carere
804 2364 936 2427 videtur.
993 2365 1039 2449 (ω)
1062 2365 1174 2448 Capita
1195 2354 1397 2430 cometarum

100 2473 315 2556 atmosphaeris
329 2472 506 2559 ingentibus
521 2473 706 2559 cinguntur,
729 2483 761 2535 et
774 2473 991 2556 atmosphaerae
1012 2472 1131 2538 inferne
1145 2474 1302 2538 densiores
1319 2497 1386 2540 esse

101 2579 225 2643 debent.
271 2577 367 2643 Unde
380 2579 478 2643 nubes
494 2591 575 2656 sunt,
591 2600 655 2641 non
669 2579 738 2662 ipsa
752 2576 942 2643 cometarum
957 2602 1098 2664 corpora,
1114 2581 1269 2666 inquibus
1281 2592 1383 2647 muta

99 2686 198 2748 tiones
219 2685 281 2747 illae
302 2685 452 2748 visuntur.
499 2685 551 2748 Sic
573 2684 673 2747 Terra
694 2685 720 2747 si
742 2707 760 2746 e
779 2683 911 2767 planetis
934 2696 1134 2768 spectaretur,
1157 2685 1227 2749 luce
1250 2687 1381 2751 nubium

101 2816 228 2857 suarum
247 2793 453 2878 proculdubio
474 2792 659 2876 splenderet,
677 2804 710 2856 et
724 2815 836 2876 corpus
851 2780 981 2856 firmum
990 2793 1049 2859 sub
1063 2793 1198 2857 nubibus
1216 2780 1320 2879 prope¹
1331 2795 1383 2858 de·

100 2901 263 2964 litesceret.
310 2900 361 2962 Sic
377 2898 503 2985 cingula
520 2898 607 2988 Jovis
621 2898 654 2959 in
668 2898 803 2961 nubibus
818 2898 951 2981 planetae
965 2898 1048 2962 illius
1063 2899 1195 2962 formata
1209 2912 1290 2976 sunt,
1316 2922 1385 2986 quae

102 3013 196 3075 situm
218 3020 340 3073 mutant
361 3009 442 3071 inter
464 3031 506 3085 se,
530 3020 561 3072 et
581 3007 708 3070 firmum
728 3007 816 3071 Jovis
823 3027 935 3092 corpus
956 3029 1014 3092 per
1026 3007 1124 3071 nubes
1146 3007 1213 3071 illas
1228 3008 1384 3073 difficilius

103 3115 248 3179 cernitur.
293 3113 336 3176 Et
356 3113 455 3176 multo
476 3113 574 3199 magis
595 3134 727 3197 corpora
741 3131 932 3175 cometarum
948 3111 1006 3176 sub
1021 3111 1236 3197 attrrosphaeris
1256 3126 1288 3178 et
1304 3135 1386 3200 pro·

100 3222 295 3286 fundioribus
311 3235 341 3285 et
356 3220 556 3285 crassioribus
570 3218 719 3284 abscondi
733 3217 857 3283 debent.

133 3460 169 3526 (⁸)
190 3465 203 3492 ’
221 3465 287 3511 Hinc
304 3465 374 3512 ctiam
390 3464 541 3528 moais'ettum
559 3473 599 3510 ert.
632 3462 724 3510 clariss.
757 3476 819 3509 casse
837 3459 928 3508 videtur
945 3468 973 3507 ut
991 3458 1135 3520 rapidissimo
1151 3460 1262 3506 vorticum
1280 3463 1384 3505 torrenta

77 3574 80 3583 ,
103 3525 214 3573 Cassinus
229 3526 253 3571 in
271 3525 564 3574 Mon.Paris.an.1781.
583 3525 727 3588 retrogrados
758 3525 865 3572 contrarii
882 3532 1023 3570 cometarum
1036 3533 1117 3570 motus
1131 3521 1231 3569 maxime
1247 3525 1383 3581 perturben-

77 3587 81 3628 .'
101 3598 243 3635 cometarum
254 3599 332 3635 motus
342 3590 373 3636 ad
382 3589 481 3636 directos
492 3588 613 3651 ingeniosi
623 3589 723 3637 reduxit.
757 3598 803 3645 tur,
826 3585 920 3648 citoque
941 3587 1151 3642 destnrantur,·ac
1170 3585 1265 3634 tandem
1284 3593 1383 3631 comato

103 3652 241 3699 Observatos
251 3651 404 3711 plurimorum
416 3662 556 3699 cometarum
565 3663 644 3701 motus
654 3663 726 3700 retro·
757 3652 855 3713 hujusce
871 3651 978 3698 torrentis
994 3650 1016 3695 vi
1029 3649 1155 3709 rapiantur.
1191 3647 1330 3695 utrumme
1346 3661 1382 3694 te·

100 3715 184 3777 gradoe
202 3730 277 3762 meras
293 3731 342 3763 esse
355 3717 498 3776 apparentiae
514 3716 662 3777 conjectatur,
679 3731 727 3763 non
759 3716 851 3778 gulares
862 3729 911 3762 esre
922 3723 1063 3761 cometarum
1071 3721 1155 3768 motus,
1165 3709 1277 3758 aeonae
1287 3725 1381 3759 cursum

100 3794 167 3826 secus
187 3794 215 3826 ac
236 3777 337 3826 directus
361 3780 506 3839 planetarum
527 3778 726 3840 circumsolerium
757 3775 1382 3839 puneammjdiutissimeconrervari.nonnulliscome·

101 3851 180 3893 motus
203 3851 297 3903 apparet
325 3841 451 3905 aliquandd
477 3843 631 3905 retrogradus.
678 3842 725 3890 Sed
760 3852 839 3890 tarum
849 3841 961 3903 exemplis
972 3840 1079 3901 deinceps
1089 3840 1183 3900 patebit.
1284 3840 1289 3845 '

100 3904 205 3966 quamvis
215 3905 356 3953 celeberrimi
367 3907 464 3968 hujusce
474 3907 600 3953 astronomi
606 3907 725 3970 judicium
817 3912 820 3917 '
972 3947 977 3958 ,
1236 3947 1241 3958 ,
1345 3942 1353 3960 ,

100 3967 201 4015 maxime
219 3984 361 4024 veneremur,
384 3970 510 4017 nonnullos
527 3979 605 4017 tamen
624 3980 724 4017 cometas
788 3945 1275 4022 (¹l'FauW’mgm3‘0'39mmm‘m'
1301 3943 1382 4018 ΟΨ

101 4041 167 4077 motu
182 4030 234 4079 ,erg
250 4033 385 4096 retrogrado
403 4032 483 4080 comp
501 4034 582 4080 „egem
604 4033 724 4096 signorum
759 4013 867 4084 gravibus
890 4009 1049 4082 sundpmentrs
1063 4017 1162 4086 xnitatur
1187 4009 1237 4083 ¹2⁸⁰
1260 4016 1380 4064 sententia,

100 4107 197 4142 cursum
213 4096 313 4144 tenuisse
331 4088 466 4145 conabimur
482 4096 608 4154 ostendere,
625 4097 666 4145 ubi
682 4096 725 4144 hdr
756 4074 906 4147 ¹¹¹⁸¹¹¹f⁹⁸t¹¹¹¹3
926 4081 970 4118 ²¹¹⁸
994 4080 1074 4132 ΡΜ
1095 4086 1125 4118 ⁹¹
1151 4086 1219 4119 '⁸¹¹¹'
1239 4080 1382 4120 ⁰⁰me
1434 4132 1437 4136 .

102 4156 132 4203 de
142 4164 245 4218 raptura
254 4159 347 4206 dicendi
358 4161 424 4208 locus
435 4159 534 4217 dabitur,
551 4171 670 4223 postquam
682 4160 726 4208 sci-
757 4139 922 4198 Phaemm‘m
1170 4180 1174 4187 ¹
1320 4182 1324 4189 =

100 4218 441 4272 licettradiderimusmotuum
451 4225 722 4271 cometarumelementa.
789 4224 831 4289 (ω)
844 4228 858 4256 ⁰
871 4222 1381 4285 Capitacometarttmatmospboerisingenti-
1415 4281 1417 4285 ,

104 4282 218 4344 Obliquas
233 4301 281 4336 este
295 4301 463 4350 nonnunquam
479 4297 622 4335 cometarum
636 4288 683 4334 rias
701 4296 724 4334 et
756 4291 802 4336 bus
809 4288 873 4350 cingi
880 4287 947 4336 variis
954 4290 1097 4350 argumentis
1104 4289 1253 4348 imposterum
1260 4287 1382 4334 confirmat

101 4347 179 4392 cursui
195 4347 338 4407 planetarum
354 4352 478 4399 contrarias
488 4351 554 4399 fateri
570 4367 618 4399 non
632 4351 724 4399 dubita-
757 4353 894 4399 Newtouus.
930 4352 1047 4399 Caeterum
1063 4352 1089 4398 in
1104 4351 1159 4411 ipsis
1175 4359 1317 4398 cometarum
1329 4365 1380 4396 cor·

99 4418 157 4456 runt
174 4411 268 4473 quidam
287 4414 421 4462 Cartesiani.
464 4413 556 4464 Venlrn
572 4413 620 4476 qud
636 4415 724 4462 ratione
757 4415 853 4475 poribus
870 4431 918 4462 non
934 4415 984 4462 fieri
998 4425 1120 4476 perpetuas
1134 4414 1273 4461 mutationes
1288 4413 1340 4461 illas
1355 4415 1381 4459 in

100 4473 184 4521 diversi
194 4474 229 4521 illi
239 4487 381 4524 cometarum
390 4487 467 4526 motus
475 4493 529 4525 cum
538 4479 661 4527 vorticibus
668 4493 724 4525 con·
759 4478 858 4526 decursu
869 4478 984 4527 constabit
998 4479 1180 4540 independenter
1190 4475 1286 4525 omnino
1297 4480 1327 4524 ab
1340 4476 1380 4523 ibt

99 4537 172 4585 ciliari
192 4539 286 4598 possint,
306 4540 400 4598 difficile
421 4542 567 4604 intelligitur,
589 4541 644 4589 crim
662 4543 725 4589 enim
757 4542 867 4601 opinione
887 4558 940 4606 quse
967 4543 1063 4592 cometb
1091 4542 1198 4605 ingentes
1218 4543 1381 4602 amospharas

99 4610 196 4650 maneta
208 4601 233 4650 in
244 4604 350 4666 regiones
365 4604 512 4666 planetarum
522 4605 670 4662 descendant,
683 4620 725 4653 ne-
755 4606 844 4654 tribuit.
