3374 5774
207 461 269 523 172
505 446 844 523 PHILOSOPHIAE
867 449 1141 519 NATURALIS
1173 447 1245 528 [Da
1256 447 1382 515 uuas
1397 453 1504 515 Sues.

206 626 323 714 Anglit
338 628 475 694 'eandem
498 628 561 694 fere
586 629 832 716 magnitudinem
854 625 1027 702 retinuisse,
1051 623 1167 688 scilicet
1187 622 1303 709 gradis
1324 624 1424 688 unius
1445 624 1507 690 vel

204 735 297 800 unius
319 758 391 801 cum
412 736 547 802 semisse.
593 737 768 801 Crassiores
784 746 856 799 sunt
869 732 1098 797 observationes
1115 728 1258 794 Ponthaei
1272 741 1303 792 et
1318 730 1425 809 Cellii,
1450 754 1505 795 eae

202 843 376 924 praesertim
391 866 462 929 quae
475 864 532 926 per
546 843 718 907 azimuthos
733 854 765 906 et
778 840 955 913 altitudines
970 837 1182 922 capiebantur,
1198 847 1275 899 utet
1285 857 1332 899 eae
1341 837 1501 904 Galletii:

202 949 346 1016 meliores
360 963 443 1015 sunt
467 973 515 1016 eae
538 974 608 1037 quae
632 973 690 1035 per
712 949 882 1034 positiones
911 960 1041 1012 cometae
1069 947 1110 1009 ad
1138 945 1218 1008 fixas
1242 967 1262 1008 a
1286 943 1499 1027 Monteuaro,

205 1055 345 1137 Hookio,
370 1061 527 1148 Angone,
540 1072 571 1124 et
592 1060 790 1124 observatore
819 1058 852 1121 in
882 1056 973 1121 Novi
1001 1054 1126 1142 Anglit,
1156 1066 1188 1119 et
1216 1075 1448 1142 nonnunquam
1478 1082 1501 1123 a

204 1164 359 1230 Ponthaeo
372 1180 404 1233 et
420 1168 520 1232 Cellio
535 1180 607 1231 sunt
621 1167 719 1232 factae.
765 1165 886 1231 Eodem
900 1165 951 1229 die
966 1163 1007 1226 ad
1020 1163 1131 1254 boram
1146 1161 1286 1248 quintam
1302 1165 1497 1231 matutinam

204 1271 372 1338 Ballasorae
393 1288 515 1340 cometa
535 1276 759 1340 observabatur
780 1275 814 1338 in
826 1283 862 1338 ¹²1
878 1280 952 1336 11⁸⁸.
968 1274 1020 1336 45‘
1028 1295 1038 1347 3
1060 1270 1194 1357 ideoque
1209 1271 1250 1334 ad
1270 1270 1382 1336 horam
1399 1277 1498 1360 quin-

200 1388 263 1440 tam
287 1381 471 1445 matutinam
497 1381 636 1446 Londini
661 1381 784 1444 eratin
805 1387 841 1444 ππ
868 1386 940 1445 13³.
967 1376 1097 1441 circiter.
1151 1376 1214 1441 Per
1237 1375 1392 1443 theoriam
1416 1381 1497 1447 verb

199 1497 321 1549 cometa
330 1487 396 1571 jam
410 1488 523 1551 eratin
537 1496 581 1557 og
591 1494 661 1552 18⁸¹.
679 1488 739 1550 22'.
756 1487 826 1550 42⁹.

242 1592 324 1658 Nov.
337 1602 389 1660 25.
411 1609 484 1661 ante
498 1607 601 1660 ortum
618 1596 699 1660 Solis
716 1595 924 1659 Monteuarus
938 1606 1091 1658 cometam
1104 1593 1279 1658 observavit
1293 1594 1326 1657 in
1340 1603 1376 1658 og
1394 1603 1436 1665 17
1441 1596 1495 1679 ἔθ’.

198 1701 331 1768 circiter.
376 1704 420 1768 Et
435 1705 553 1770 Cellius
569 1704 742 1769 observavit
756 1704 867 1768 eodem
887 1694 1026 1787 tempore
1042 1701 1126 1788 quod
1142 1715 1263 1767 cometa
1277 1716 1345 1767 erat
1359 1705 1394 1766 in
1409 1705 1495 1768 linesi

198 1808 283 1873 recti
298 1810 381 1875 inter
395 1810 516 1876 stellam
530 1811 667 1875 lucidam
681 1811 715 1874 in
729 1811 841 1875 dextro
855 1810 973 1874 femore
988 1809 1127 1896 Virginis
1141 1823 1173 1875 et
1186 1811 1308 1876 lancem
1322 1813 1496 1877 australem

200 1918 317 1996 Librae,
333 1919 448 1984 ethaeo
462 1933 548 1986 recta
562 1909 646 1986 secat
660 1920 741 1985 viam
756 1932 886 1985 cometae
899 1919 934 1982 in
943 1920 1135 1987 π11183Κ36ἂ
1174 1919 1236 1984 Per
1250 1919 1405 1985 theoriam
1416 1922 1496 1986 verb

198 2043 319 2094 cometa
328 2032 396 2116 jam
410 2043 476 2096 erat
490 2033 523 2096 in
538 2042 574 2099 u
590 2037 683 2115 18Ψ.
700 2034 830 2098 circiter.

245 2139 434 2228 congruunt
455 2142 551 2230 igitur
573 2143 625 2207 hae
647 2128 879 2208 observationes
901 2164 974 2207 cum
996 2141 1117 2207 theorit
1138 2142 1289 2228 quatenus
1311 2154 1497 2228 congruunt

197 2244 278 2311 inter
292 2270 336 2325 se,
353 2260 383 2312 et
398 2249 600 2337 congruendo
615 2251 751 2335 probant
765 2274 863 2315 unum
878 2264 910 2315 et
924 2251 1058 2314 eundem
1066 2250 1161 2315 fuisse
1175 2263 1339 2328 cometam,
1353 2250 1409 2337 qui
1424 2264 1495 2316 toto

198 2364 340 2438 tempore
354 2377 374 2418 a
389 2367 501 2441 quarto
516 2355 567 2420 die
584 2357 772 2422 Novembris
787 2357 941 2442 adusque
955 2378 1073 2421 nonum
1090 2358 1200 2423 Martii
1214 2357 1369 2442 apparuit.
1410 2359 1496 2423 Tra·

194 2461 327 2546 jectoria
347 2475 477 2527 cometae
499 2463 592 2549 hujus
622 2464 661 2548 (ὅ)
676 2465 725 2528 bis
745 2464 844 2528 secuit
863 2464 992 2548 planum
1007 2463 1169 2548 eclipticae,
1192 2476 1224 2529 et
1244 2476 1414 2548 propterea
1428 2487 1496 2541 non

198 2566 258 2630 fuit
277 2567 445 2632 rectilinea.
492 2569 679 2654 Eclipticam
701 2572 799 2634 secuit
819 2591 883 2633 non
904 2570 937 2632 in
957 2571 1107 2652 oppositis
1123 2569 1194 2634 coeli
1207 2570 1360 2654 partibus,
1382 2570 1439 2634 sed
1461 2572 1494 2635 in

196 2671 259 2737 fine
284 2674 424 2762 Virginis
449 2687 481 2740 et
503 2677 659 2762 principio
686 2679 881 2762 Capricorni,
908 2678 1072 2742 intervallo
1094 2679 1250 2766 graduum
1270 2687 1322 2743 98.
1344 2678 1493 2755 circiter;

198 2781 333 2869 ideoque
348 2806 457 2847 cursus
473 2797 602 2850 cometae
622 2787 793 2871 plurimum
807 2786 1028 2852 deflectebatur
1044 2810 1063 2851 a
1077 2789 1194 2854 circulo
1214 2789 1361 2852 maximo.
1407 2787 1496 2852 Nam

197 2899 229 2950 et
245 2911 352 2952 mense
368 2890 541 2955 Novembri
556 2914 664 2956 cursus
679 2894 745 2978 ejus
760 2893 859 2957 tribus
875 2893 984 2957 saltem
998 2894 1147 2981 gradibus
1162 2896 1202 2958 ab
1216 2893 1357 2978 ecliptici
1372 2893 1406 2956 iu
1419 2915 1495 2957 aus-

196 2994 490 3074 trumdeclinabat,
515 3010 547 3063 et
570 3012 679 3083 postea
704 3022 811 3064 mense
830 3001 1001 3066 Decembri
1024 3003 1174 3089 gradibus
1198 3009 1251 3066 29.
1276 2999 1428 3086 vergebat
1451 3000 1494 3064 ab

196 3100 339 3186 ecliptica
361 3105 396 3168 in
418 3107 661 3191 septentrionem
674 3110 815 3193 partibus
830 3109 952 3173 duabus
967 3109 1087 3186 orbitae,
1109 3110 1142 3172 in
1158 3110 1270 3195 quibus
1285 3121 1406 3173 cometa
1420 3119 1493 3172 teu-

197 3209 291 3274 debat
306 3212 339 3276 in
356 3213 463 3277 Solem
478 3227 510 3278 et
524 3215 680 3279 redibata
697 3217 779 3294 Sole,
796 3216 912 3304 angulo
926 3229 1095 3301 apparente
1109 3216 1264 3304 graduum
1277 3216 1347 3300 plus
1362 3214 1494 3301 triginta

197 3320 238 3383 ab
252 3320 386 3386 invicem
400 3323 637 3401 declinantibus,
649 3335 685 3388 ut
695 3325 871 3388 observavit
885 3324 1101 3388 Monteuarus.
1134 3324 1292 3410 Pergebat
1304 3322 1356 3385 hic
1365 3334 1490 3384 cometa

195 3430 253 3512 per
264 3429 353 3516 signa
363 3451 485 3507 novem,
498 3453 518 3494 a
528 3430 645 3495 Leonis
655 3431 772 3497 scilicet
782 3432 893 3496 ultimo
903 3431 1004 3518 gradu
1016 3431 1057 3494 ad
1070 3429 1259 3514 principium
1269 3426 1485 3504 Geminorum,

194 3550 311 3622 praeter
320 3539 445 3626 signum
455 3538 582 3617 Leonis,
599 3561 658 3623 per
672 3539 757 3626 quod
771 3539 923 3626 pergebat
936 3552 1101 3624 antequam
1116 3537 1215 3601 videri
1229 3536 1341 3621 coepit;
1354 3545 1385 3596 et
1399 3532 1492 3596 nulla

119 3716 122 3723 ¹
159 3677 161 3680 v
198 3643 262 3707 alia
276 3658 362 3709 extat
376 3645 507 3724 theoria,
531 3645 591 3731 qui
607 3660 728 3709 cometa
741 3657 858 3710 tantam
875 3644 946 3707 coeli
964 3657 1083 3728 partem
1099 3656 1186 3707 motu
1201 3641 1338 3730 regulari
1358 3660 1490 3724 percur-

195 3763 252 3815 rat.
299 3751 409 3818 Motus
431 3755 497 3840 ejus
519 3753 577 3818 fuit
598 3753 732 3817 maxime
753 3753 956 3839 inaequabdis.
1002 3752 1085 3816 Nam
1101 3754 1184 3817 circa
1198 3752 1282 3815 diem
1302 3750 1489 3837 vigesimum

195 3860 384 3926 Novembris
405 3865 569 3949 descripsit
588 3863 705 3952 gradus
720 3865 843 3929 circiter
857 3865 994 3950 quinque
1009 3864 1140 3951 singulis
1155 3863 1284 3939 diebus3
1307 3862 1380 3926 dein
1395 3873 1487 3925 motu

196 3970 359 4035 retardato
377 3971 459 4037 inter
482 3973 636 4037 Novemb.
653 3980 703 4037 26.
720 3985 751 4037 et
772 3971 926 4037 Decemb.
945 3980 994 4034 la.
1012 3972 1112 4056 spatio
1127 3970 1244 4034 scilicet
1258 3969 1381 4033 dierum
1396 3967 1490 4054 quin-

195 4075 295 4140 decim
311 4101 384 4143 cum
399 4083 532 4159 semisse,
548 4081 711 4166 descripsit
725 4080 842 4168 gratim
856 4091 976 4144 tanturn
992 4089 1052 4156 403
1067 4091 1176 4164 postea
1186 4077 1261 4143 verb
1270 4091 1357 4162 motu
1372 4078 1488 4142 iterum

195 4185 376 4261 accelerato,
392 4185 555 4271 descripsit
568 4187 684 4279 gradus
695 4186 759 4252 fere
771 4187 909 4273 quinque
924 4186 1054 4274 singulis
1069 4186 1370 4271 diebus,·antequam
1381 4195 1488 4248 motus

194 4288 309 4352 iterum
330 4290 483 4355 retardari
504 4294 606 4378 coepit.
630 4362 632 4367 ,
652 4292 695 4358 Et
708 4293 830 4357 theoria
844 4315 915 4379 quae
929 4293 1029 4357 motui
1043 4304 1107 4356 tam
1122 4289 1299 4377 inaequabili
1313 4290 1370 4375 p'er
1385 4289 1488 4354 maxi·

195 4415 278 4457 mam
300 4398 370 4460 coeli
391 4409 512 4483 partem
534 4398 632 4483 probe
653 4399 831 4484 respondet,
857 4420 989 4484 quaeque
1002 4398 1129 4477 easdem
1145 4399 1290 4462 observat
1310 4398 1398 4484 leges
1413 4417 1482 4462 cum

228 4655 262 4720 (¹)
275 4657 288 4685 ⁶
301 4657 343 4704 uu
361 4657 431 4704 seruit
447 4659 549 4720 planum
564 4656 678 4717 aduaticis.
725 4654 830 4716 Tempus
845 4667 893 4717 qtrc
908 4661 998 4701 comete
1013 4662 1076 4701 secat
1091 4642 1221 4714 eclipticam
1236 4650 1336 4700 intertui
1352 4659 1429 4713 potest
1442 4663 1487 4712 per

71 4728 78 4749 ⁹
177 4723 430 4769 -uumdttetm
538 4761 542 4768 .
