3374 5774
198 394 264 457 20⁰
500 387 841 458 PHILOSOPHIAE
862 386 1136 455 NATURALIS
1167 386 1240 468 [Dr
1253 385 1376 452 Μυκη.
1388 384 1484 454 Srrr.

242 559 310 626 Hic
329 561 435 626 omnia
454 561 537 648 regit
556 583 623 625 nou
642 573 679 626 ut
698 559 937 638 animamundi,
959 560 1017 625 sed
1037 572 1074 625 ut
1093 560 1311 625 universorum
1325 560 1484 626 dominus.

202 667 247 735 Et
269 683 399 755 propter
423 670 596 735 dominium
617 691 720 748 suum,
746 669 893 734 dominus
916 668 996 734 deus
1020 670 1068 754 (*)
1095 675 1278 752 Παντοκράτωρ
1306 669 1370 733 dici
1392 670 1484 735 solet.

200 774 285 840 Nam
305 775 383 841 ders
403 790 452 842 est
471 773 1062 841 voxrelstivaetadservosrefertnr:
1083 788 1116 839 ct
1135 774 1484 842 deitasestdominatio

198 882 261 961 dei,
275 905 341 948 non
354 885 389 948 in
402 905 515 968 corpus
531 882 706 969 proprium,
727 882 775 946 uti
795 881 934 947 sentiunt
947 881 1061 968 quibua
1074 881 1153 946 deus
1166 894 1215 946 est
1235 882 1340 946 anima
1359 885 1481 963 muudi,

161 970 175 984 ’
198 988 255 1053 sed
275 989 310 1053 in
330 1012 446 1055 servos.
490 989 580 1054 Deus
600 999 1047 1067 summusestensretcmm,
1066 988 1233 1067 infinitum,
1255 991 1483 1077 absolutdper·

197 1094 330 1161 lectum:
352 1097 409 1162 sed
425 1119 481 1162 ens
494 1108 655 1183 utcumque
673 1094 847 1181 perlectum
859 1095 927 1161 sine
940 1095 1080 1161 dominio
1093 1118 1160 1159 non
1172 1108 1221 1160 est
1232 1096 1379 1163 dominus
1393 1099 1480 1164 deus

199 1203 345 1271 Dicimus
355 1204 440 1270 arim
450 1204 528 1270 deus
537 1226 637 1282 meus,
652 1202 729 1269 deus
740 1215 852 1283 vester,
863 1202 940 1269 deus
949 1202 1086 1283 Israelis,
1096 1202 1174 1267 deus
1189 1202 1330 1281 deorum,
1341 1205 1482 1271 etdomi·

196 1334 257 1377 nus
270 1313 489 1378 dominorum:
510 1313 566 1378 sed
580 1334 645 1379 nou
658 1313 793 1379 dicimus
805 1325 942 1379 retornus
954 1335 1053 1391 meus,
1068 1325 1204 1379 aeternus
1218 1324 1329 1392 vester,
1345 1327 1481 1381 aeternrrs

200 1419 338 1503 Israelis,
360 1436 496 1489 oetcrnus
520 1422 671 1499 deorum3
707 1444 774 1486 non
795 1421 928 1488 dicimus
950 1421 1090 1487 infinitus
1117 1443 1217 1499 meus,
1246 1420 1298 1486 vel
1324 1423 1482 1506 perfectus

194 1551 293 1599 meus.
338 1531 405 1597 Hae
425 1532 648 1617 appellationes
670 1531 852 1601 relationem
871 1554 937 1597 uon
957 1533 1076 1597 habent
1095 1531 1137 1596 ad
1150 1554 1266 1596 servos.
1310 1533 1385 1596 Vox
1403 1533 1481 1598 deus

194 1641 313 1724 passim
322 1641 367 1724 (†)
377 1641 533 1728 significat
546 1641 728 1709 dominum:
752 1641 808 1706 sed
822 1641 924 1706 omnis
937 1641 1083 1706 dominus
1095 1663 1163 1706 non
1175 1651 1224 1705 est
1235 1640 1322 1705 deus.
1365 1641 1482 1705 Domi-

194 1747 282 1811 natio
295 1747 375 1811 eutis
389 1746 557 1831 spiritualis
571 1747 667 1813 deum
682 1747 851 1826 constituit,
867 1770 941 1811 vera
955 1769 1074 1825 verum,
1089 1768 1211 1812 summa
1225 1766 1391 1825 summum,
1406 1748 1483 1813 ficta

194 1851 314 1918 fictum.
344 1850 389 1917 Et
402 1874 444 1916 ex
452 1852 665 1917 dominatione
677 1852 750 1917 versi
765 1854 905 1938 saluium
919 1852 1014 1919 deum
1027 1874 1136 1917 verum
1150 1874 1218 1917 ease
1231 1853 1346 1931 vivum,
1366 1853 1481 1918 intelli·

193 1973 320 2047 gentem
334 1969 367 2023 et
380 1970 558 2044 potentem3
580 1981 621 2024 ex
635 1959 762 2045 reliquis
775 1957 1018 2043 perfectionibus
1031 1979 1189 2022 summum
1202 1979 1281 2036 esse,
1296 1959 1346 2023 vel
1359 1960 1481 2024 summe

194 2063 375 2151 perfectum.
418 2063 573 2129 AEtemus
593 2076 642 2131 est
662 2078 695 2130 et
713 2064 864 2142 infinitus,
886 2065 1084 2148 omnipotens
1105 2075 1137 2129 et
1155 2065 1351 2147 omnisciens,
1373 2065 1408 2129 id
1421 2079 1480 2144 est,

194 2173 288 2239 durat
311 2175 351 2238 ab
372 2188 492 2239 oeteruo
512 2173 547 2238 in
567 2185 732 2253 aternum,
753 2185 786 2238 et
806 2174 895 2238 adest
915 2175 956 2239 ab
977 2174 1102 2239 infinito
1120 2174 1156 2239 in
1176 2174 1353 2240 infinitum:
1376 2177 1483 2240 onmia
1573 2190 1578 2195 ’

196 2279 287 2367 regit,
303 2289 336 2343 et
348 2279 454 2345 omnia
466 2279 638 2367 cognoscit,
653 2301 725 2365 quae
739 2278 821 2343 fiunt
832 2291 888 2345 aut
902 2278 970 2343 fieri
988 2292 1129 2365 possunt.
1174 2281 1249 2345 Nou
1263 2293 1311 2345 est
1323 2283 1481 2347 {eternitas

195 2399 227 2453 et
239 2387 388 2468 infinitas,
403 2387 460 2454 sed
473 2400 609 2453 aternus
623 2401 655 2454 et
668 2387 827 2466 infinitus3
842 2410 907 2453 non
921 2400 970 2454 cat
983 2390 1108 2456 duratio
1120 2403 1152 2456 et
1165 2391 1310 2475 spatium,
1322 2391 1378 2456 sed
1388 2391 1482 2457 durat

95 2527 101 2541 ·
195 2509 227 2564 et
240 2497 339 2562 adest.
380 2497 487 2563 Durat
501 2519 633 2582 semper,
649 2509 682 2562 et
695 2496 783 2562 adest
797 2497 922 2583 ubique,
936 2510 970 2563 et
983 2498 1147 2563 existendo
1160 2520 1283 2583 semper
1301 2512 1334 2563 ct
1353 2500 1480 2586 ubique,

195 2604 393 2670 durationem
412 2618 446 2670 et
466 2605 601 2691 spatium
623 2606 793 2671 constituit.
839 2604 923 2671 Ciun
943 2628 1138 2694 unaquaeque
1159 2609 1250 2693 spatii
1270 2608 1423 2692 particula
1442 2610 1482 2675 sit

194 2733 319 2795 semper,
342 2723 375 2777 et
395 2712 641 2798 unumquodque
655 2711 829 2777 durationis
848 2711 1036 2778 indivisibile
1049 2726 1243 2779 momentum
1256 2716 1372 2799 ubique,
1396 2715 1481 2781 certe

194 2839 301 2883 rerum
316 2818 455 2882 omnium
469 2817 636 2883 fabricator
650 2840 687 2882 ac
703 2817 849 2882 dominus
861 2840 927 2883 non
942 2821 1001 2883 erit
1010 2842 1170 2905 nunquam,
1182 2843 1336 2906 nmqrsum.
1366 2821 1481 2889 Omnis

195 2929 300 2992 annua
325 2927 460 2992 sentiens
484 2925 614 2991 diversis
635 2927 838 3012 temporibus,
860 2927 947 2991 etin
967 2927 1097 2992 diversis
1115 2949 1276 3007 sensuum,
1294 2941 1325 2993 et
1339 2943 1482 2994 motuum

194 3033 321 3123 organis
346 3030 456 3097 eadem
482 3045 530 3097 est
550 3055 685 3117 persona
707 3032 912 3098 indivisibilis.
968 3033 1078 3098 Partes
1102 3033 1219 3099 dantur
1239 3036 1422 3100 successivae
1446 3037 1482 3099 in

195 3114 370 3220 durandus,
381 3140 602 3206 co-existentes
616 3141 651 3203 in
663 3140 772 3224 spatio,
784 3152 903 3209 neutrae
917 3141 951 3206 in
964 3163 1100 3226 persona
1111 3141 1247 3206 bominis
1258 3164 1313 3207 seu
1326 3143 1483 3229 principio

195 3253 262 3338 ejus
291 3251 465 3356 cogitante3
498 3262 529 3315 et
556 3249 657 3314 multo
684 3246 789 3315 mimis
816 3250 851 3313 iu
874 3248 1046 3315 substantia
1070 3251 1226 3337 cogitante
1251 3250 1312 3315 dei.
1367 3250 1482 3316 Omnis

195 3360 302 3439 bomo,
327 3371 479 3447 quatenus
493 3381 545 3424 res
559 3360 704 3438 sentiens,
728 3371 776 3425 est
790 3382 871 3426 unus
886 3372 918 3426 et
936 3360 1021 3424 idem
1034 3359 1131 3425 homo
1144 3359 1277 3426 durante
1291 3359 1355 3426 vitai
1370 3361 1426 3426 susi
1447 3362 1482 3424 in

196 3470 341 3535 omnibus
355 3483 388 3535 et
401 3469 532 3558 singulis
547 3491 694 3534 sensuum
708 3470 845 3557 organis.
892 3471 978 3536 Deus
993 3482 1042 3534 est
1055 3491 1137 3534 unus
1156 3481 1189 3534 et
1209 3469 1292 3536 idem
1307 3470 1384 3535 deus
1400 3493 1483 3535 sem·

194 3602 253 3665 per
267 3593 299 3646 ct
313 3581 438 3666 ubique.
484 3579 720 3664 Omnipraesens
735 3592 861 3644 estnon
882 3601 940 3663 per
954 3582 1092 3644 virtutem
1107 3579 1216 3656 solam,
1239 3579 1402 3643 sedetiam
1424 3602 1483 3664 per

95 3694 108 3713 “
196 3687 411 3752 substantiam:
432 3709 507 3751 nam
529 3686 628 3750 virtus
648 3686 716 3751 sine
736 3685 907 3750 substantii
930 3686 1098 3750 subsistere
1111 3706 1175 3755 nou
1197 3696 1309 3769 potest.
1354 3686 1392 3750 In
1412 3687 1483 3771 ipso

199 3795 244 3881 (l)
269 3797 467 3861 continentur
488 3808 520 3860 et
540 3807 706 3859 moventur
727 3795 882 3894 universa,
905 3795 961 3859 sed
979 3794 1045 3858 sine
1059 3792 1168 3857 mutui
1190 3793 1345 3878 passione.
1389 3794 1482 3859 Deus

167 3937 180 3960 1.

230 3986 663 4056 (·)1destimperatorunivamlia·
859 3986 1017 4047 Anaxagoras,
1036 3982 1157 4046 Virgilius,
1178 3981 1286 4045 Georgic.
1310 3981 1363 4028 Lib.
1388 3979 1435 4026 1v.
1457 3997 1482 4029 v.

229 4057 268 4119 (†)
282 4054 400 4102 Pocokius
414 4063 491 4100 noster
503 4067 583 4099 vocem
593 4054 629 4099 dei
639 4049 734 4098 deducit
744 4063 759 4098 a
768 4063 825 4097 voce
856 4054 911 4096 290.
925 4057 949 4095 et
960 4047 1056 4096 AEusid.
1070 4047 1123 4094 Lib.
1136 4047 1181 4093 VI.
1191 4061 1213 4093 v.
1224 4050 1278 4095 721.
1291 4045 1361 4092 Philo
1375 4045 1482 4106 Allegor.

199 4117 301 4167 Arabica
311 4122 351 4176 du,
364 4121 399 4180 (ot
409 4115 632 4178 iucunrdiquodi)
642 4130 695 4177 quer
703 4113 825 4162 dominum
857 4113 911 4160 Lib.
932 4113 953 4160 Ι.
973 4114 1017 4159 sub
1034 4111 1109 4158 initio.
1145 4114 1233 4158 Aratus
1248 4110 1417 4156 iu'Phaenom.
1438 4112 1484 4155 sub

195 4182 317 4244 significat.
365 4182 400 4228 Et
421 4181 465 4228 boc
486 4195 556 4228 sensu
577 4179 692 4239 principes
711 4187 823 4225 vocantur
854 4177 929 4224 initio.
965 4176 1003 4223 Its
1018 4176 1088 4222 etiarn
1104 4175 1225 4234 scriptores
1235 4173 1300 4227 sacri,
1316 4183 1344 4220 ut
1356 4173 1447 4219 Paulus
1457 4173 1483 4218 in

195 4250 235 4303 dii,
249 4246 310 4294 Pral.
325 4260 419 4293 axum.
432 4250 455 4293 ⁶.
468 4244 606 4292 etJounx.
620 4246 660 4291 45.
697 4242 731 4289 nt
744 4243 824 4289 Muses
856 4244 911 4287 Act
925 4255 983 4287 xru·
996 4245 1034 4287 27.
1048 4244 1087 4286 28.
1124 4238 1280 4287 lohannesin
1293 4237 1383 4298 Evang.
1399 4251 1446 4282 nv.
1461 4243 1485 4285 2.

195 4311 281 4358 dicitur
290 4314 347 4358 deur
356 4309 433 4358 fratris
445 4309 534 4365 Aaron,
545 4316 569 4354 et
579 4311 635 4356 deur
645 4306 706 4368 regis
716 4306 823 4352 Pbarsob
857 4305 938 4352 Moses
954 4304 979 4350 in
1000 4305 1073 4350 Deut.
1087 4318 1118 4349 rr·
1131 4308 1170 4350 09.
1184 4311 1209 4348 et
1225 4316 1247 4348 x.
1261 4308 1285 4348 4·
1321 4300 1400 4348 David
1418 4301 1483 4347 Psal.

196 4372 287 4438 (uxot
298 4389 328 4420 rr.
346 4372 521 4430 16.etvn.1.).
554 4371 681 4418 Eteodem
691 4369 821 4416 renouaui-
853 4383 947 4416 cxxxrr·
964 4373 986 4417 7.
1001 4374 1023 4415 8.
1039 4375 1060 4416 9.
1085 4367 1218 4414 Salomoni
1234 4363 1483 4428 trogmorum.

195 4435 820 4550 ,ntur
853 4430 1518 4558 ...0.-

199 4512 281 4630 (Ndld
289 4516 407 4622 Aldtoris.)
474 4514 531 4561 prop
857 4570 925 4615 astra,
945 4559 1034 4605 animas
1051 4554 1175 4604 hominum
1192 4566 1216 4604 et
1234 4558 1291 4603 alias
1307 4525 1390 4602 rixandi
1410 4525 1486 4615 parites

230 4630 265 4693 (.‡)
276 4629 313 4677 ltu
324 4624 557 4683 renuebant'veteres,
573 4633 601 4673 ut
609 4624 754 4688 Pythagoras
763 4622 827 4683 apud
858 4631 909 4670 esse
924 4632 1000 4685 partes
1019 4623 1067 4670 Dei
1085 4621 1179 4678 summi,
1197 4632 1221 4669 et
1236 4620 1290 4669 ided
1307 4619 1425 4677 colendas,
1444 4618 1487 4666 sed

199 4693 344 4750 Ciceronem,
356 4694 386 4742 de
398 4691 490 4741 Natura
503 4691 616 4747 Deorum,
631 4689 685 4738 Lib.
698 4688 719 4737 Ι.
732 4688 824 4747 Thales,
856 4685 923 4739 teau
959 4685 1179 4752 (nonancurte)

809 4882 826 4901 ’ὁ

816 4780 916 5005 :m

842 4958 850 4967 ¹¹
912 4964 917 4971 ι

826 4972 846 4999 ..⁴
881 4988 884 4993 1
893 4978 896 4983 1

900 5006 909 5017 ,ι

845 5040 849 5051 ¹
