3374 5774
201 444 266 506 rsr
506 402 847 507 riiiiosoriiim
870 435 1143 503 vincariis
1175 433 1380 514 [namara.
1396 433 1495 498 sm.

204 618 324 671 motum
343 604 438 668 'illum
460 606 562 689 capita
587 628 712 690 semper
734 606 965 670 comitabuntur
989 617 1021 668 et
1041 604 1079 667 iis
1098 602 1255 668 liberrime
1275 602 1496 693 adhaerebunt

206 712 354 778 Gravitas
368 712 451 776 enim
465 703 618 797 vaporum
632 714 666 776 in
683 713 788 778 Solem
801 734 866 775 non
879 712 980 798 magis
994 711 1106 775 efficiet
1120 721 1155 774 ut
1169 709 1275 773 caudae
1289 721 1399 792 postea
1409 709 1496 788 deci·

204 820 282 905 dant
303 843 322 883 a
343 818 496 902 capitibus
520 819 625 884 Solem
640 840 757 896 versus,
780 816 875 905 quaiin
890 816 1025 904 gravitas
1039 816 1177 900 capitum
1189 815 1311 879 efficere
1324 815 1437 898 possit,
1461 828 1497 880 ut

203 925 273 990 haec
294 924 441 989 decidant
461 946 481 986 a
501 923 617 987 caudis.
664 923 833 988 Communi
850 923 1003 1010 gravitate
1017 922 1067 985 vel
1086 921 1178 984 simul
1197 922 1231 983 in
1247 919 1354 984 Solem
1369 921 1494 1000 cadent,

203 1033 255 1097 vel
269 1030 362 1096 simul
375 1031 410 1092 in
424 1049 554 1093 ascensu
568 1051 627 1094 suo
640 1029 882 1094 retardabantur
889 1051 899 1104 ;
913 1027 1047 1114 ideoque
1060 1027 1195 1114 gravitas
1209 1025 1263 1089 illa
1271 1048 1337 1089 non
1350 1027 1494 1113 impedit,

205 1139 270 1227 qub
291 1136 395 1202 mimis
416 1136 525 1201 caudae
547 1149 579 1201 et
600 1139 703 1223 capita
723 1137 910 1222 positionem
923 1158 1141 1223 quamcunque
1155 1136 1197 1200 ad
1210 1136 1343 1200 invicem
1357 1159 1378 1200 a
1391 1137 1496 1217 oensis

200 1248 268 1333 jain
289 1244 462 1329 descriptis,
484 1257 539 1309 aut
559 1244 627 1310 aliis
649 1244 888 1332 quibuscunque
901 1242 1046 1309 facillime
1061 1242 1216 1327 accipiant
1230 1254 1261 1306 et
1274 1254 1385 1327 postea
1397 1242 1496 1325 liber-

205 1354 285 1421 rime
299 1366 432 1420 servent.
992 1403 996 1410 .

251 1465 371 1531 Csudoe
393 1464 499 1551 igitur,
526 1485 598 1549 quae
622 1463 656 1528 in
681 1475 874 1531 cometam
899 1463 1263 1548 pcdicliisnsscuiitur,
1289 1463 1324 1527 in
1347 1464 1494 1552 regiones

204 1575 391 1662 longinquas
413 1596 485 1639 cum
507 1595 620 1638 eorum
636 1574 793 1659 eapin'biis
805 1573 944 1652 abibunt,
960 1586 992 1638 et
1006 1573 1055 1637 vel
1076 1571 1149 1636 inde
1163 1584 1236 1659 post
1252 1571 1381 1660 longam
1394 1597 1495 1639 anno-

204 1706 276 1749 rum
291 1683 406 1747 seriem
417 1703 494 1746 cum
504 1680 671 1749 iudai-ad
684 1703 743 1747 nos
756 1682 913 1760 redibunt,
929 1682 980 1746 vel
992 1679 1096 1765 potiris
1104 1681 1154 1747 ,ibi
1168 1679 1330 1745 rarefacta
1342 1683 1494 1766 paulatim

205 1807 399 1860 amcam
437 1793 521 1858 Nam
545 1806 655 1878 postca
677 1795 712 1859 in
733 1768 885 1858 descensu
910 1792 1048 1876 capitum
1073 1790 1115 1871 ad
1141 1790 1247 1855 Solem
1270 1790 1380 1855 caudae
1401 1814 1495 1856 novae

204 1899 409 1965 breviusculaa
423 1899 509 1964 lento
518 1911 607 1965 motu
620 1923 641 1964 a
654 1899 807 1985 capitibus
821 1898 990 1986 propagari
1001 1897 1170 1974 debebunt,
1182 1908 1214 1960 et
1224 1895 1355 1960 subinde*
1364 1897 1398 1959 in
1406 1901 1494 1982 peri·

203 2009 295 2075 beliis
315 2023 506 2075 cometarum
526 2010 662 2088 illoram,
686 2011 740 2096 qui
761 2010 802 2074 ad
819 1992 923 2097 ¹usque
935 2008 1177 2093 atmosphaeram
1194 2008 1275 2073 Solis
1290 2009 1492 2090 descendent,

203 2121 238 2184 in
259 2121 447 2193 immensum
467 2120 586 2207 augeri.
629 2120 738 2204 Vapor
762 2121 847 2186 enim
871 2121 905 2184 in
929 2119 1037 2204 spatiis
1060 2119 1122 2183 illis
1151 2119 1316 2183 liberrimis
1339 2123 1494 2206 perpetuo

202 2229 334 2294 rarescit
354 2251 392 2293 ac
412 2228 569 2293 dilatatur.
614 2227 687 2304 Qut
708 2230 829 2293 ratione
849 2230 886 2293 fit
906 2243 942 2294 ut
963 2228 1063 2293 canda
1084 2230 1185 2292 omnis
1204 2229 1247 2293 ad
1266 2233 1493 2296 extremitatem

203 2338 397 2420 superiorem
419 2337 511 2402 latior
531 2338 572 2402 sit
592 2334 687 2422 quim
703 2339 795 2424 juxta
814 2351 908 2422 caput
922 2351 1079 2402 cometae..
1108 2337 1155 2402 Et
1170 2352 1274 2402 autem
1288 2340 1494 2408 rarefactione

203 2469 353 2531 vaporem
373 2447 526 2533 perpetuo
547 2447 709 2514 dilatatum
724 2448 857 2513 diffundi
879 2448 1006 2513 tandem
1019 2461 1051 2512 et
1065 2448 1242 2535 spargiper
1255 2449 1353 2513 coelos
1367 2452 1493 2516 univer·

202 2576 265 2631 sos,
290 2553 404 2618 deinde
425 2555 576 2639 paulatim
597 2555 630 2619 in
650 2556 791 2640 planetas
812 2576 870 2640 per
891 2555 1075 2642 gravitatem
1100 2577 1189 2619 suam
1212 2555 1337 2632 attrahi,
1362 2569 1395 2620 et
1418 2581 1493 2622 cum

202 2684 314 2726 eorum
329 2664 545 2748 atmosphaeris
559 2664 692 2741 misceri,
714 2663 831 2731 rationi
851 2675 1093 2727 consentaneum
1107 2662 1239 2726 videtur.
1285 2661 1370 2726 Nam
1385 2687 1494 2750 quem-

201 2767 374 2833 admodum
395 2771 494 2835 ma'ris
519 2772 560 2836 ad
584 2773 836 2837 constitutionem
860 2773 970 2838 Terroe
992 2772 1091 2858 vhujus
1120 2771 1248 2837 omnino
1264 2774 1492 2858 requiruntur,

206 2878 307 2963 idque
326 2890 361 2943 ut
382 2903 423 2944 ex
443 2881 481 2945 iis
502 2904 560 2966 per
580 2883 715 2946 calorem
737 2881 819 2946 Solis
840 2904 970 2966 vapores
992 2879 1118 2964 copiose
1140 2880 1213 2945 satis
1227 2881 1413 2960 excitentur,
1437 2885 1492 2970 qui

202 2985 254 3049 vel
267 2986 302 3048 in
316 2988 416 3051 nubes
431 2991 529 3054 coacti
544 2991 690 3055 decidant
710 2991 743 3054 in
764 2989 887 3075 pluviis,
905 3004 938 3055 et
958 2990 1092 3055 Terram
1105 3012 1231 3055 omnem
1241 2990 1286 3086 ¹ad
1301 2994 1493 3075 procreatio·

201 3119 276 3162 nem
289 3099 510 3186 vegetabilium
532 3102 664 3188 irrigent
678 3114 711 3166 et
723 3102 880 3178 nutriant3
902 3102 953 3166 vel
973 3101 1005 3164 in
1021 3100 1141 3188 frigidis
1156 3102 1311 3165 montium
1324 3103 1492 3168 verticibus

202 3205 384 3271 condensati
399 3211 410 3292 (
428 3208 467 3292 (Β)
482 3221 518 3273 ut
532 3208 628 3294 aliqui
642 3231 715 3274 cum
728 3209 849 3274 ratione
862 3209 1138 3295 philosophantur)
1160 3209 1328 3274 decurrant
1341 3211 1376 3273 in
1390 3210 1490 3276 fontes

202 3327 235 3379 et
248 3315 394 3381 flumina:
411 3317 455 3382 sic
469 3318 510 3382 ad
525 3318 792 3383 conservationem
805 3319 940 3383 marium
955 3330 986 3383 et
1000 3318 1169 3382 humorum
1183 3318 1215 3381 iii
1229 3317 1364 3402 planetis
1374 3319 1490 3405 requiri

201 3423 348 3487 videntur
370 3436 511 3503 cometae,
539 3447 580 3490 ex
602 3448 737 3513 quorum
760 3427 1009 3491 exhalationibus
1034 3439 1066 3490 et
1088 3426 1255 3510 vaporibus
1280 3427 1488 3506 condensatis,

201 3528 349 3614 quicquid
374 3529 502 3616 liquoris
526 3553 584 3614 per
606 3533 834 3619 vegetationem
858 3543 890 3597 et
915 3530 1173 3616 putrefactionem
1195 3532 1390 3596 consumitur
1409 3534 1490 3597 etin

202 3614 479 3700 'l'erramaridam
502 3637 702 3715 convertitur,
734 3637 883 3703 conanae
909 3638 1046 3722 suppleri
1069 3650 1100 3702 et
1121 3637 1209 3702 refici
1235 3639 1373 3723 possit·¹
1405 3639 1489 3705 Nam

200 3746 384 3830 vegetabilis
398 3747 504 3810 omnia
517 3769 557 3812 ex
571 3748 744 3834 liquoribus
759 3749 887 3814 omninb
902 3762 1055 3827 crescunt,
1078 3749 1151 3814 dein
1167 3750 1283 3837 magni
1298 3771 1339 3814 ex
1351 3763 1442 3836 parte
1456 3753 1489 3818 iii

103 3854 123 3863 ''
205 3851 340 3941 Terram
354 3854 474 3918 aridam
488 3876 546 3939 per
559 3855 817 3939 putrefactionem
832 3857 957 3934 abeunt,
982 3869 1014 3921 et
1030 3857 1122 3920 limus
1137 3879 1177 3920 ex
1194 3856 1367 3942 liquoribus
1381 3870 1489 3943 putre·

200 3959 289 4026 factis
309 3964 463 4047 perpetui>
485 3966 611 4030 decidit
657 3966 746 4030 Hinc
766 3967 865 4031 moles
888 3965 999 4032 Terrae
1021 3966 1117 4031 aridae
1142 3965 1262 4030 indies
1284 3978 1427 4052 augetur,
1458 3981 1489 4034 et

89 4103 91 4106 ·
198 4070 345 4157 liquores,
361 4072 422 4136 nisi
437 4073 562 4140 aliunde
577 4087 781 4162 augmentum
791 4089 959 4154 sumerent,
971 4075 1123 4162 perpetui>
1134 4075 1314 4139 decrescere
1325 4075 1487 4156 deberent,

204 4202 241 4244 ac
255 4180 382 4245 tandem
396 4180 539 4248 deficere.
579 4182 680 4248 Porrd
696 4185 837 4268 suspicor
851 4186 995 4270 spiritum
1016 4185 1114 4262 illum,
1137 4185 1191 4270 qui
1206 4184 1286 4248 aie'ris
1300 4186 1400 4248 nostri
1412 4207 1488 4272 pars

197 4283 327 4354 minima
341 4301 398 4367 est,
415 4290 471 4354 sed
485 4293 684 4357 subtilissima
698 4305 729 4357 et
744 4295 871 4379 optima,
893 4294 979 4360 etad
994 4317 1099 4360 rerum
1114 4295 1254 4360 omnium
1269 4295 1365 4362 vitam
1380 4296 1486 4383 requi·

196 4394 286 4475 ritur,
301 4419 342 4461 ex
357 4398 484 4464 cometis
498 4400 656 4486 praecipud
670 4402 784 4467 venire.

228 4586 264 4654 (¹)
282 4591 295 4621 ⁸
313 4591 344 4640 Ut
362 4593 434 4655 aliqui
451 4609 508 4642 cam
525 4594 614 4641 aarum
628 4595 823 4656 philosophamur.
856 4595 975 4644 Tmnsact
996 4595 1130 4657 Philosoph.
1148 4611 1186 4644 aii.
1202 4600 1269 4645 1687.
1286 4602 1356 4648 1694.
1372 4600 1438 4647 1⁷29·
1452 4603 1482 4660 ‚et

196 4652 321 4702 Horumce
331 4655 523 4717 pbilosophorum
533 4656 718 4705 rationesvidere
726 4668 761 4704 est
771 4673 823 4717 pas-
855 4659 966 4710 Monum·
980 4659 1056 4710 Acie
1071 4660 1144 4710 Para.
1157 4675 1195 4710 eii.
1211 4664 1279 4712 170³.

194 4716 240 4767 itm
256 4717 321 4780 apud
337 4732 419 4768 omnes
429 4719 538 4770 cultiores
551 4720 665 4784 physicos.
701 4720 824 4785 Lagantur
