3374 5774
259 514 273 541 0
394 454 462 518 AD
484 455 628 522 LUNAE
651 457 909 522 THEORIAM
932 459 1309 529 NEWTONIANAM.
1471 488 1492 529 v
1610 452 1613 457 ’

206 620 328 711 legibus
348 626 521 690 secundum
546 629 630 711 ipsos
653 630 867 694 observatores
891 632 953 695 sint
976 632 1142 709 adstrictae,
1167 655 1242 696 mox
1266 637 1360 700 tradit
1384 638 1492 726 quales

204 732 397 816 aequationes
411 755 451 796 ex
466 734 529 796 suis
544 735 670 797 calculis
684 750 846 823 emergant
859 750 891 800 et
906 761 1049 822 quaenam
1065 739 1127 802 sint
1142 761 1249 802 earum
1262 741 1355 827 leges

250 837 359 921 Ipsum
372 851 435 902 tam
451 841 717 904 observationibus
730 857 802 906 ante
817 844 920 927 ipsum
934 845 1091 922 institutis,
1114 868 1209 930 quam
1222 846 1490 915 observationibus

208 948 446 1012 Flamstedianis
471 972 563 1013 usum
583 973 651 1014 esse
672 966 801 1029 constat,
825 955 889 1019 imo
909 967 941 1016 et
962 955 1065 1038 ipsum
1086 956 1200 1018 exinde
1222 956 1342 1019 tabulas
1367 958 1490 1023 lunares

204 1055 265 1117 sibi
279 1056 487 1119 construxisse
500 1056 606 1141 liquet,
630 1080 670 1120 ex
689 1060 803 1143 quibus
816 1061 916 1123 multa
928 1061 1049 1144 profert
1062 1084 1194 1146 quarum
1208 1063 1357 1148 pleraque
1372 1066 1405 1127 in
1422 1067 1490 1130 Ru·

205 1167 372 1250 delphinis,
400 1168 508 1229 autin
531 1168 717 1232 Ludoviceis
739 1170 851 1236 tabulis
873 1170 963 1234 facile
984 1193 1048 1233 non
1069 1173 1313 1255 comperiuntur,
1340 1175 1395 1238 sed
1418 1199 1489 1261 quae

203 1275 340 1337 maxime
364 1276 563 1339 consentiunt
584 1298 657 1340 cum
678 1279 766 1341 novis
783 1278 826 1341 ill
844 1279 966 1344 Cossini
980 1279 1103 1357 tabidis,
1127 1282 1170 1343 ita
1191 1294 1226 1344 ut
1247 1304 1309 1366 quo
1322 1283 1488 1366 perfectitis

203 1381 277 1444 ooeli
299 1394 404 1445 monn
427 1382 615 1468 dignoscunt
637 1385 816 1462 astronomi,
841 1407 880 1448 eo
901 1383 1031 1469 propids
1054 1385 1096 1448 ad
1118 1386 1338 1451 Newtonianas
1352 1388 1488 1481 theorias

203 1487 350 1550 accedere
365 1486 648 1570 deprehendantur.

248 1596 295 1661 Ut
319 1598 424 1682 imque
448 1598 531 1662 Solis
552 1599 682 1661 actionis
704 1599 739 1660 in
763 1598 888 1663 Lunam
911 1612 943 1663 et
962 1600 1032 1684 'ejus
1057 1600 1190 1662 orbitam
1214 1599 1365 1665 habeatur
1390 1604 1470 1666 ratio
1476 1626 1487 1679 ς

201 1706 339 1788 primum
360 1707 418 1770 fiat
437 1708 605 1772 abstractio
626 1709 865 1773 excentricitatis
887 1710 998 1772 orbitae
1018 1722 1083 1772 tam
1106 1710 1243 1775 Telluris
1265 1711 1357 1797 qudm
1374 1714 1485 1791 Luna,

202 1811 446 1896 deprehenditur
470 1815 555 1901 quod
581 1837 625 1878 ex
650 1816 732 1879 Solis
755 1794 877 1897 actiorie
902 1815 1016 1878 mensis
1039 1816 1215 1898 periodicus
1239 1817 1340 1880 Lunae
1363 1819 1488 1905 longior

201 1923 313 1987 evadat
326 1936 359 1988 et
372 1927 439 2009 ejus
452 1926 556 1989 orbita
570 1946 611 1987 ex
625 1924 769 1993 circulari
783 1925 817 1986 in
831 1924 964 2007 ellipsim
975 1936 1121 2000 mutetur,
1137 1926 1225 2008 cujus
1236 1947 1310 1989 axes
1320 1947 1378 2009 per
1391 1927 1486 2011 Prop.
1502 1922 1506 1931 ’

204 2027 372 2092 XXVIII.
387 2042 460 2093 sunt
475 2030 682 2092 determinati.

244 2133 400 2209 sectando,
416 2148 480 2196 tam
495 2156 536 2197 ex
550 2133 587 2197 ei
602 2132 703 2220 figuti
719 2154 814 2218 quam
823 2133 924 2196 orbita
935 2134 1037 2196 Lunoe
1047 2134 1158 2211 induit,
1175 2158 1268 2221 quam
1282 2158 1322 2199 ex
1335 2139 1487 2202 accelera·

199 2240 285 2303 tione
314 2241 416 2304 Luna
438 2262 497 2323 per
519 2261 590 2302 eam
611 2253 733 2323 partem
756 2240 886 2303 actionis
914 2240 994 2303 Solis
1018 2261 1089 2323 quae
1112 2241 1286 2304 secundum
1308 2256 1487 2327 tangentem

200 2346 311 2409 orbitae
330 2346 448 2408 lunaris
463 2346 616 2431 dirigitur,
632 2347 769 2409 nascitur
784 2347 913 2410 variatio
929 2368 1024 2431 quam
1035 2346 1148 2431 Tycho
1158 2349 1279 2431 primus
1301 2349 1484 2427 observavit,

199 2465 232 2517 ot
252 2452 421 2514 maximam
435 2452 468 2513 in
482 2452 657 2515 octantibus
679 2454 761 2530 Μ’.
777 2453 893 2528 statuit,
916 2452 1002 2514 illam
1015 2452 1068 2521 ill.
1087 2453 1235 2516 Cassinus
1247 2453 1396 2517 tacitast
1413 2457 1484 2520 40⁶.

199 2557 234 2620 in
249 2558 420 2621 Elemeutis
434 2558 656 2634 Astronomiae,
678 2580 748 2621 eam
769 2559 845 2621 verb
860 2559 927 2641 ipse
943 2558 1114 2621 Newtonus
1135 2560 1168 2621 in
1189 2559 1355 2643 hypothesi
1368 2563 1485 2627 orbitas

200 2666 337 2730 Telluris
351 2681 383 2731 et
397 2668 500 2731 Lunae
514 2690 581 2730 esse
594 2667 760 2730 circulares
776 2669 837 2731 85'.
855 2669 923 2730 10''.
938 2666 1101 2730 calculavit
1116 2667 1211 2750 Prop.
1228 2667 1363 2731 XXIX.

243 2775 364 2851 Tertid‚
380 2797 421 2838 ex
432 2774 468 2838 eh
484 2775 565 2838 Solis
577 2776 698 2837 actione
708 2775 846 2838 nascitur
856 2786 957 2836 motus
972 2776 1094 2861 apogaei
1116 2776 1232 2839 lunaris
1247 2777 1280 2838 in
1293 2799 1486 2862 consequen·

198 2885 253 2962 tia,
269 2887 358 2969 cujus
372 2899 476 2948 motus
490 2884 727 2947 firndamentum
741 2884 858 2946 indicat
874 2883 1045 2946 Newtonus
1061 2885 1156 2967 Prop.
1173 2884 1279 2947 XLV.
1296 2885 1367 2947 Lib.
1385 2885 1411 2948 I.

242 2994 376 3072 Quartd‚
399 2996 472 3058 inde
492 2994 657 3062 deducitur
670 3007 773 3056 motus
788 2993 910 3056 medius
924 2992 1081 3055 nodorum
1097 2993 1192 3075 Prop.
1209 2992 1362 3056 XXXII.
1375 2994 1483 3057 obser·

197 3103 371 3169 rationibus
384 3105 528 3189 proxime
541 3126 699 3190 congruus
706 3127 716 3179 ;
742 3103 851 3188 quinto
864 3103 1009 3188 denique,
1026 3102 1232 3164 inclinationis
1247 3102 1357 3165 orbitae
1366 3103 1485 3168 lunaria

197 3214 328 3276 mutatio
342 3215 517 3298 explicatm
534 3214 631 3297 Prop.
649 3212 817 3276 XXXIV.
834 3225 865 3275 et
879 3211 1028 3274 XXXV.

241 3320 335 3385 Nunc
357 3322 432 3385 verb
453 3322 640 3408 adjungatur
658 3320 867 3383 consideratio
888 3319 1131 3382 excentricitatis
1153 3320 1263 3383 orbitoe
1277 3319 1422 3397 Telluris,
1444 3320 1483 3384 ed

196 3432 234 3494 fit
248 3444 282 3494 ut
296 3432 377 3496 actio
389 3432 469 3496 Solis
480 3433 580 3516 major
595 3433 635 3495 sit
649 3429 722 3494 edm
733 3430 835 3493 Terra
845 3441 892 3491 est
906 3430 939 3490 in
952 3428 1105 3512 perihelio
1116 3450 1174 3491 suo
1186 3427 1279 3515 quim
1295 3430 1327 3491 in
1341 3428 1465 3511 aphelio
1471 3451 1482 3504 ς

196 3537 271 3600 inda
283 3539 425 3600 orientur
435 3538 642 3603 correctiones
652 3536 746 3598 variae
756 3535 806 3598 his
817 3534 962 3597 omnibus
974 3534 1076 3597 Lunae
1086 3534 1244 3597 erroribus
1257 3532 1465 3618 adjungenda·
1470 3556 1481 3608 ;

122 3632 128 3639 ¹
194 3643 333 3732 primum
346 3648 420 3710 crim
440 3647 555 3709 mensis
568 3647 746 3730 periodicas
761 3646 863 3709 Lunae
877 3667 934 3729 per
949 3645 1102 3708 actionem
1118 3645 1199 3708 Solis
1215 3643 1338 3728 longior
1359 3642 1480 3719 evadat,

195 3769 228 3819 et
250 3769 353 3818 motus
380 3756 445 3839 ejus
469 3755 591 3819 medius
613 3768 775 3841 augeatur,
799 3755 832 3817 id
856 3755 1082 3816 incrementum
1105 3751 1231 3837 quando
1255 3751 1356 3814 Terra
1379 3763 1426 3813 est
1448 3751 1482 3812 in

195 3861 347 3945 perihelio
362 3864 461 3946 majus
479 3876 527 3924 est
540 3860 633 3947 quam
649 3859 722 3924 cum
736 3873 784 3923 est
797 3862 828 3922 in
844 3859 978 3959 aphelio,
988 3859 1076 3960 'hinc
1090 3882 1127 3921 ea
1141 3858 1274 3921 tardatio
1288 3858 1482 3942 inaequaliter

196 3970 228 4031 in
250 3984 371 4034 motum
387 3970 488 4033 Lunae
503 3970 678 4045 distributa,
701 3969 795 4032 efficit
809 3981 844 4031 ut
857 3968 919 4031 hoc
933 3968 1058 4030 nomine
1074 3967 1160 4029 locus
1181 3967 1247 4050 ejus
1264 3988 1322 4049 per
1342 3965 1481 4028 medium

196 4092 315 4143 motum
330 4082 473 4144 inventus
495 4081 535 4143 ab
557 4082 622 4165 ejus
637 4102 712 4143 vero
726 4080 796 4142 loco
811 4079 980 4154 dissentiat,
1000 4078 1074 4140 hinc
1088 4079 1192 4164 itaque
1206 4079 1288 4141 notis
1303 4079 1418 4140 nostris
1440 4078 1481 4140 ad

196 4187 318 4250 initium
334 4189 452 4254 Scholii
473 4190 514 4253 ad
535 4190 652 4253 calcem
669 4190 764 4272 Prop.
782 4189 931 4252 XXXV.
954 4188 1074 4271 adjecti,
1098 4188 1182 4272 quod
1204 4187 1244 4250 ad
1265 4200 1363 4250 totam
1380 4187 1481 4249 Lunae
1544 4222 1549 4229 ·

196 4294 348 4370 theoriam
369 4298 515 4381 pertinet,
539 4300 766 4361 incrementum
789 4298 926 4360 medium
941 4311 1043 4358 motus
1068 4297 1163 4359 medii
1187 4320 1228 4360 ex
1254 4298 1375 4359 actione
1400 4296 1481 4360 Solis
1548 4366 1552 4373 ,

194 4416 302 4467 ortum
326 4409 525 4495 assignamus,
550 4421 618 4471 tum
644 4420 753 4491 postea
778 4409 935 4489 aperimus
959 4407 1109 4468 rationem
1134 4406 1194 4490 qut
1221 4406 1354 4468 obtineri
1379 4417 1481 4488 potest

193 4516 329 4598 equatio
351 4537 408 4579 ceu
429 4518 581 4580 correctio
596 4529 699 4579 motus
719 4515 814 4590 medii
829 4514 1005 4577 adhibenda
1018 4527 1147 4597 propter
1171 4513 1354 4597 inaequalem
1371 4513 1481 4575 Terrae

195 4642 215 4681 a
237 4621 310 4684 Sole
323 4620 511 4698 distantiam,
535 4647 605 4708 quae
620 4624 747 4708 quidem
762 4623 897 4706 aequatio
911 4623 1086 4684 continetur
1102 4622 1134 4682 in
1149 4619 1186 4682 ed
1201 4643 1295 4704 quam
1315 4621 1358 4684 ill.
1377 4620 1481 4684 Cassi·

194 4750 265 4820 nus,
280 4729 372 4793 titvdo
384 4732 504 4794 Primae
518 4732 718 4814 &ationis
734 4733 860 4806 solaris,
876 4732 978 4794 tradit

812 4836 836 4881 A
852 4840 869 4880 ³
