3374 5774
86 451 198 517 nm
214 451 393 530 rannus]
421 447 661 516 rariacum
684 408 1052 516 uuunnnamc'u.
1214 454 1219 466 “
1305 462 1365 520 ras

83 623 256 689 illustrante
277 620 370 708 quim
392 621 433 685 ab
446 620 543 685 oculis
558 621 672 692 nostris
693 622 871 687 distantiam
892 622 992 686 videri
1013 621 1113 716 desiit.
1159 624 1255 690 Unde
1273 627 1367 691 etiam

85 732 193 798 caudae
215 742 406 794 cometarum
425 730 566 807 aliorum,
592 752 663 815 quoe
676 731 787 795 breves
802 742 886 808 sunt,
909 752 973 795 non
988 733 1160 797 ascendunt
1172 747 1260 799 motu
1274 735 1368 801 celeri

84 852 117 904 et
138 840 291 926 perpetui)
312 864 331 905 a
353 840 504 925 capitibus
526 851 558 903 et
578 862 654 904 mox
670 852 869 918 evanescunt,
886 842 942 905 sed
957 853 1029 905 sunt
1042 855 1258 926 permanentes
1272 867 1368 930 vapo-

84 969 156 1011 rum
176 961 208 1012 et
229 947 460 1012 exhalationum
481 947 645 1024 columnae,
668 970 688 1011 a
709 948 860 1032 capitibus
880 946 1051 1011 lentissimo
1064 947 1233 1011 multorum
1247 949 1368 1013 dierum

84 1065 173 1118 motu
186 1066 377 1141 propagata,
400 1073 480 1137 quae,
503 1052 719 1136 participando
733 1065 854 1116 motum
868 1052 955 1116 illum
972 1053 1108 1137 capitum
1123 1046 1368 1138 quem'habubre

85 1163 145 1227 sub
158 1163 256 1239 initio,
272 1184 329 1247 per
343 1161 439 1225 coelos
453 1158 516 1224 und
529 1182 601 1224 cum
616 1162 768 1246 capitibus
779 1163 897 1226 moueri
911 1174 1056 1248 pergunt.
1102 1161 1139 1245 (θ)
1155 1163 1199 1227 Et
1211 1161 1285 1225 hinc
1299 1183 1368 1226 ruo·

86 1262 138 1335 sus
160 1271 316 1358 colligitur
338 1270 444 1354 spatia.
458 1269 595 1333 coelestia
613 1271 645 1332 vi
666 1270 828 1335 resistendi
843 1272 987 1347 destitui3
1008 1283 1117 1356 utpote
1132 1272 1164 1335 in
1178 1272 1290 1358 quibus
1303 1293 1368 1335 non

86 1378 186 1444 solum
208 1377 307 1441 solida
329 1376 523 1459 planetarum
538 1388 569 1438 et
583 1387 773 1440 cometarum
793 1398 934 1460 corpora,
958 1377 1120 1441 sedetiam
1134 1378 1281 1441 rarissimi
1294 1400 1368 1442 cau·

85 1484 196 1548 darum
216 1502 346 1566 vapores
367 1491 470 1545 motus
484 1503 557 1546 suos
572 1481 780 1549 velocissimos
800 1479 957 1547 liberrime
978 1495 1132 1572 peragrmt
1145 1505 1182 1549 ac
1196 1485 1368 1551 diutissime

86 1601 280 1654 conservant.
384 1632 390 1636 -

101 1685 104 1688 ’
129 1699 304 1761 Ascensum
318 1695 487 1767 caudarum
501 1716 542 1759 ex
555 1695 772 1782 atmosphoeris
785 1697 969 1782 capitumet
988 1719 1189 1786 progressum
1209 1700 1243 1763 in
1263 1711 1368 1785 partes

86 1827 106 1868 a
120 1805 194 1869 Sole
208 1800 502 1889 aversas'Keplerus
523 1806 649 1870 ascribit
670 1807 785 1871 actioni
805 1807 965 1870 radiorum
984 1807 1064 1872 lucis
1077 1808 1241 1872 materiam
1259 1809 1369 1873 caudae

87 1933 193 1976 secum
218 1913 415 1997 rapientium.
459 1913 504 1977 Et
527 1935 636 1975 auram
661 1912 757 2000 longe
781 1915 995 1978 tenuissimam
1019 1916 1054 1978 in
1077 1919 1182 2001 spatiis
1205 1918 1370 1983 liberrimis

86 2020 202 2084 actioni
222 2019 383 2083 radiorum
403 2018 525 2097 cedere,
549 2017 587 2104 (ἲ)
602 2041 667 2082 non
689 2032 736 2084 est
756 2042 776 2082 a
796 2020 917 2082 ratione
930 2041 1059 2104 prorsus
1073 2023 1218 2102 alienum,
1234 2046 1298 2088 non
1312 2025 1370 2090 ob-

88 2137 190 2190 stante
200 2126 286 2212 quod
300 2125 479 2189 substantiae
493 2145 605 2189 crassae
619 2124 860 2208 impeditissimis
873 2125 907 2188 in
921 2127 1100 2212 regionibus
1114 2129 1229 2211 nqtris
1242 2151 1261 2193 a
1274 2129 1369 2193 radiis

88 2237 172 2302 Solis
195 2235 379 2300 sensibiliter
402 2234 537 2319 propelli
559 2244 724 2320 nequeant.
769 2233 861 2298 Alius
888 2236 1056 2319 particulas
1081 2248 1145 2299 tam
1168 2234 1251 2299 leves
1275 2235 1370 2321 quam

88 2365 198 2432 graves
220 2343 287 2407 deri
307 2329 399 2428 posse
414 2342 578 2421 existimat,
601 2354 634 2406 et
645 2341 807 2406 materiam
821 2342 992 2406 caudarum
1004 2344 1142 2422 levitate,
1164 2366 1281 2429 perque
1294 2345 1370 2408 levi-

88 2465 184 2518 tatem
198 2475 287 2517 suam
300 2475 320 2516 a
336 2452 409 2517 Sole
423 2452 598 2517 ascendere.
637 2450 720 2516 Ciam
730 2465 834 2516 autem
848 2453 982 2540 gravitas
998 2475 1164 2538 corporum
1178 2456 1371 2519 terrestrium

88 2561 129 2628 sit
143 2551 323 2626 iit-materia
336 2559 369 2621 in
384 2559 576 2643 corporibus,
591 2557 724 2645 ideoque
738 2557 857 2623 servata
872 2560 1042 2646 quantitate
1055 2562 1193 2626 materiae
1206 2562 1327 2627 intendi
1339 2573 1372 2628 et

88 2676 206 2739 remitti
224 2671 525 2760 nequeatsuspicor
543 2691 706 2734 ascensum
726 2670 815 2734 illum
829 2691 869 2734 ex
883 2669 1085 2736 rarefactione
1103 2673 1242 2738 materiae
1256 2673 1371 2737 cauda·

88 2804 159 2845 rum
179 2778 283 2865 potiris
305 2779 389 2844 oriri.
435 2776 588 2841 Ascendit
607 2775 709 2840 firmus
731 2776 765 2838 in
786 2777 909 2840 camino
921 2777 1059 2863 impulsu
1073 2780 1154 2843 aiiris
1168 2781 1219 2844 cui
1239 2781 1370 2844 innatat.

90 2891 157 2953 aar
177 2889 230 2953 ille
251 2910 310 2972 per
331 2888 467 2951 calorem
480 2884 647 2949 rarefactus
662 2885 810 2963 ascendit,
832 2886 875 2950 ob
889 2886 1072 2952 diminutam
1086 2911 1174 2953 suam
1188 2889 1372 2974 gravitatem

91 2995 278 3079 specificam,
294 3005 327 3057 et
340 2992 461 3056 fumum
474 2991 668 3075 implicatum
682 2992 764 3076 rapit
779 3014 894 3056 secum.
938 2993 1059 3069 Quidni
1073 2996 1173 3060 cauda
1186 3006 1316 3085 cometae
1330 2995 1372 3060 ad

89 3101 225 3164 eundem
238 3099 369 3165 modum
384 3096 558 3160 ascenderit
571 3120 589 3161 a
607 3097 680 3161 Sole
690 3095 705 3161 2
716 3118 718 3124 ’
728 3096 812 3161 Nam
825 3099 906 3163 redii
919 3101 1035 3165 solares
1049 3124 1113 3167 non
1127 3103 1245 3189 agitant
1257 3103 1370 3179 media,

89 3228 162 3294 qnae
175 3217 347 3292 permeant,
363 3204 423 3268 nisi
437 3203 471 3266 in
485 3202 653 3267 reflexione
667 3214 699 3279 et
712 3203 905 3270 refractione.
951 3207 1116 3271 Particulae
1130 3208 1320 3271 reflectentes
1335 3207 1371 3272 ed

92 3318 215 3380 actione
229 3318 385 3383 calefactae
400 3321 578 3387 calefacient
591 3345 699 3386 auram
709 3321 875 3384 aetbercem
890 3319 940 3382 cui
953 3318 1160 3402 implicantur.
1196 3313 1256 3379 Illa
1269 3314 1372 3378 calore

90 3430 151 3493 sibi
173 3431 401 3495 communicato
423 3433 557 3510 rarefiet,
580 3446 612 3496 et
632 3432 673 3496 ob
694 3431 877 3495 diminutam
899 3427 938 3493 eb
950 3427 1075 3491 raritate
1088 3425 1270 3513 gravitatem
1284 3443 1372 3486 suam

93 3538 280 3621 specificam,
305 3538 365 3624 quai
387 3538 475 3623 priris
489 3541 637 3606 tendebat
650 3542 683 3605 in
700 3540 815 3616 Solem,
835 3525 980 3602 ascendet
993 3548 1024 3600 et
1038 3557 1143 3599 secum
1157 3534 1256 3618 rapiet
1275 3533 1372 3634 parti·

92 3651 177 3715 culae
202 3652 393 3719 reflectentes
419 3675 459 3716 ex
484 3654 596 3739 quibus
617 3653 716 3718 cauda
737 3650 950 3736 componitur:
977 3649 1019 3712 ad
1040 3667 1202 3711 ascensum
1221 3664 1372 3728 vaporum

92 3758 238 3822 conducit
259 3759 361 3836 etiam,
385 3760 470 3844 quod
490 3759 525 3822 hi
545 3774 695 3848 gyrantur
717 3761 799 3823 circa
822 3759 926 3824 Solem
948 3768 980 3822 et
999 3754 1035 3821 eb
1055 3757 1175 3820 actione
1190 3764 1373 3818 conantura

96 3865 169 3928 Sole
182 3863 338 3942 recedere,
354 3876 387 3927 at
402 3866 483 3930 Solis
497 3866 705 3951 atmosphaera
719 3879 750 3930 et
762 3865 892 3930 materia
904 3865 1056 3928 ooelorum
1065 3863 1115 3926 vel
1129 3860 1222 3946 plane
1233 3859 1371 3946 quiescit,

93 3952 245 4036 vel'motu
260 3971 326 4035 solo
340 3993 434 4056 quem
449 3995 468 4035 a
484 3972 564 4037 Solis
578 3973 732 4038 rotatione
746 3972 908 4056 acceperit,
925 3969 1043 4035 tardibs
1056 3981 1194 4057 gyratur.
1224 3968 1290 4032 Hae
1301 3979 1374 4030 sunt
1408 3993 1412 4001 ¹

95 4098 198 4140 causae
218 4076 363 4142 ascensis
386 4079 557 4143 caudarum
577 4080 611 4142 in
633 4079 744 4144 vicinib
767 4079 858 4158 Solis,
881 4079 936 4143 ubi
957 4079 1048 4142 orbes
1069 4077 1224 4140 curviorcs
1239 4086 1320 4152 sunt,
1343 4085 1375 4138 et

95 4194 225 4247 cometae
240 4185 322 4249 intra
335 4186 512 4250 densiorem
526 4197 558 4249 et
572 4186 608 4250 eb
629 4187 749 4250 ratione
762 4186 936 4272 graviorem
953 4185 1034 4249 Solis
1046 4182 1286 4268 atmospboeram
1300 4203 1375 4246 con·

95 4289 219 4367 sistunt,
243 4303 275 4354 et
294 4291 409 4356 caudas
431 4290 524 4378 quim
544 4292 739 4380 longissimas
760 4314 836 4356 mox
856 4292 1009 4357 emittunt.
1058 4291 1143 4355 Nam
1165 4288 1282 4367 caudae,
1306 4312 1377 4375 quae

97 4410 172 4462 tunc
186 4392 364 4476 nascuntur,
387 4403 600 4466 conservando
614 4415 735 4466 motum
750 4425 841 4466 suum
855 4416 886 4465 et
901 4401 1018 4465 interca
1032 4422 1139 4464 uersus
1156 4398 1261 4463 Solem
1275 4399 1377 4487 gravi·

98 4504 204 4582 tando,
228 4506 435 4569 movebuntur
456 4509 537 4572 circa
560 4509 666 4574 Solem
688 4510 721 4572 in
742 4509 902 4592 ellipsibus
923 4530 982 4593 pro
996 4524 1083 4570 more
1101 4506 1246 4590 capitum,
1270 4520 1301 4570 et
1321 4526 1377 4590 per

131 4678 154 4742 (
157 4678 193 4740 l'
207 4679 241 4725 Ei
251 4679 275 4725 ¹¹5
275 4693 305 4725 '2'
314 4693 359 4725 '¹⁴'
345 4675 433 4724 '⁸¹²³'
408 4693 420 4724 '
421 4678 528 4739 allegitur.
575 4679 697 4742 Leguntur
706 4695 759 4743 quae
769 4679 832 4729 dicta
841 4689 897 4730 suut
906 4678 931 4728 in
941 4678 1030 4730 scholio
1044 4678 1115 4741 Piop.
1128 4678 1176 4728 XI
1190 4678 1243 4728 Lib
1258 4674 1294 4724 11

130 4741 193 4806 (Ψ
207 4743 305 4792 Noaest
316 4745 429 4789 aratione
436 4757 532 4804 proretas
541 4745 643 4794 ebenum
656 4747 731 4809 (16⁵).
1267 4796 1270 4802 ἢ
