3374 5774
199 389 261 447 102
480 375 821 445 rumosormru
839 328 1117 442 ‘'NATURA'LIS
1162 375 1233 452 [nr
1252 373 1373 437 noun.
1391 378 1483 439 sisi.

196 567 302 637 partes
322 562 457 629 100000,
481 564 513 616 et
533 553 646 616 referat
668 552 700 616 Τ
722 552 855 616 Terram
878 561 910 613 et
931 549 963 613 Τ
979 548 1007 612 C
1022 545 1279 610 eccentricitatem
1296 546 1484 612 mediocrem

197 661 301 725 Lunae
314 660 449 744 partium
464 668 558 724 5505.
597 649 794 722 Producatur
809 655 880 720 TC
895 655 936 718 ad
952 653 990 731 Β,
1006 665 1041 716 ut
1056 652 1096 716 sit
1112 653 1140 716 C
1157 652 1185 716 B
1200 651 1285 715 sinus
1300 654 1484 738 oequationis

196 767 343 828 muximae
358 764 513 826 semestris
533 772 610 826 12⁸2
638 765 696 826 18'.
718 763 758 825 ad
781 783 831 825 ro·

198 873 285 936 dium
299 874 331 936 T
341 873 378 949 C,
395 885 426 936 et
440 873 572 936 circulus
589 873 663 936 BD
673 874 705 936 A
720 883 826 935 centro
857 939 861 947 ,

199 981 238 1057 C,
268 981 429 1043 intervallo
460 981 488 1043 C
515 980 543 1044 B
569 980 740 1062 descriptus
770 979 829 1042 erit

198 1088 353 1172 epicyclus
374 1088 426 1150 ille
448 1089 565 1172 inquo
581 1103 721 1152 centrum
743 1087 827 1150 orbis
860 1095 861 1100 ’

94 1209 99 1214 ’
195 1196 313 1259 lunaris
324 1196 443 1258 locatur
458 1208 489 1258 et
504 1196 675 1258 secundum
686 1195 827 1258 ordinem

195 1303 356 1368 literarum
373 1304 402 1366 B
417 1303 451 1366 D
467 1304 498 1365 A
512 1303 688 1366 revolvitur.
734 1303 829 1386 Capi-

196 1424 267 1475 atur
289 1411 421 1498 angulus
438 1411 467 1473 B
484 1412 511 1475 C
526 1411 560 1474 D
582 1410 709 1495 aequalis
731 1411 829 1494 duplo

197 1531 383 1604 argumento
392 1541 506 1596 annuo,
523 1542 577 1582 seu
592 1519 697 1601 duplae
712 1518 829 1582 distan—

197 1627 251 1691 tiae
265 1628 331 1690 veri
345 1628 406 1690 loci
424 1627 504 1691 Solis
519 1627 559 1689 ab
574 1649 703 1712 apogaeo
720 1628 820 1691 Lunae
835 1630 928 1692 semel
943 1641 1076 1715 aequato,
1093 1641 1124 1693 et
1138 1631 1197 1693 erit
1214 1630 1241 1694 C
1253 1630 1285 1694 T
1299 1629 1333 1693 D
1349 1634 1481 1715 aequatio

198 1739 354 1800 semestris
379 1728 502 1824 a'pogaei
528 1738 629 1800 Lunae
655 1749 686 1800 et
712 1739 743 1800 T
767 1739 800 1802 D
827 1739 1035 1803 eccentricitas
1061 1738 1145 1801 orbis
1168 1741 1233 1823 ejus
1259 1739 1291 1800 in
1317 1744 1479 1825 'apogaeum

197 1847 334 1909 secundo
349 1860 506 1930 aequatum
521 1845 662 1908 tendens.
708 1845 836 1909 Habitis
851 1859 955 1909 autem
971 1846 1072 1909 Lunae
1086 1857 1173 1908 motu
1187 1846 1290 1908 medio
1305 1859 1335 1909 et
1350 1869 1481 1932 apogaeo

197 1968 228 2017 et
243 1955 478 2028 eccentricitate‚
503 1964 537 2014 ut
558 1964 590 2015 et
611 1953 695 2015 orbis
710 1976 769 2016 axe
783 1957 899 2038 majore
913 1955 1046 2037 partium
1070 1964 1214 2030 2000003
1238 1977 1276 2018 ex
1292 1955 1340 2017 his
1356 1969 1481 2018 eruetur

196 2086 287 2127 verus
298 2064 399 2126 Lunae
413 2064 499 2125 locus
514 2063 547 2124 in
562 2063 637 2126 orbe
652 2074 684 2126 et
698 2063 844 2126 distantia
854 2065 919 2147 ejus
934 2087 953 2126 a
968 2063 1079 2140 Terrri,
1096 2061 1134 2147 (¹)
1150 2063 1243 2148 idque
1253 2085 1308 2146 per
1318 2064 1480 2146 methodos

196 2171 382 2234 notissimas.

241 2276 274 2360 (¹)
306 2277 344 2340 In
371 2277 520 2358 perihelio
545 2275 664 2351 Terrae‚
691 2286 820 2358 propter
844 2277 993 2359 majorem
1017 2276 1080 2338 vim
1108 2275 1197 2351 Solis,
1230 2265 1370 2338 centrum
1396 2277 1479 2337 orbis

197 2382 300 2446 Lunae
322 2382 457 2445 velocids
480 2394 623 2444 movetur
638 2382 754 2444 circum
776 2394 916 2445 centrum
944 2383 972 2445 C
997 2380 1090 2468 quim
1115 2382 1148 2443 in
1171 2381 1304 2464 apheli0‚
1329 2383 1422 2466 idque
1448 2384 1479 2443 in

196 2487 349 2571 triplicati
373 2489 491 2551 ratione
513 2488 667 2550 distantiae
683 2488 793 2551 Tcrrae
816 2511 835 2550 a
863 2488 935 2551 Sole
950 2487 1078 2551 inverse.
1123 2489 1170 2573 (¹¹¹)
1198 2488 1250 2552 Ob
1274 2489 1480 2573 aequntionem

160 2620 164 2628 ·
197 2594 294 2657 centri
320 2593 399 2657 Solis
424 2594 456 2655 in
480 2605 663 2678 argumento
689 2615 792 2656 annuo
816 2593 1081 2678 comprehensam,
1106 2606 1247 2657 centrum
1270 2596 1353 2656 orbis
1379 2596 1480 2657 Lunae

196 2695 333 2762 velocius
348 2712 490 2761 movetur
505 2697 537 2759 iu
554 2699 692 2783 epicyclo
707 2700 737 2762 B
752 2699 786 2762 D
802 2701 833 2762 A
847 2701 880 2761 in
895 2698 1050 2783 duplicati
1066 2701 1185 2764 ratione
1200 2701 1353 2764 distantiae
1369 2701 1479 2764 Terrae

196 2911 262 2957 sinus
280 2909 361 2970 anguli
378 2909 473 2955 maximi
493 2924 539 2969 quo
558 2907 680 2954 discedunt
701 2907 822 2967 apsidesa
853 2907 905 2969 ejus
921 2907 1088 2965 excentricitec,
1104 2921 1194 2956 motum
1212 2909 1289 2971 itaque
1308 2911 1380 2956 centri
1399 2911 1478 2957 orbitae

196 2973 249 3020 loco
267 2974 359 3019 medio:
381 2988 437 3034 ergo
453 2971 546 3033 quando
567 2974 588 3019 B
609 2972 629 3017 F
646 2981 680 3017 est
698 2971 819 3032 quadrans,
853 2972 940 3017 lunaris
957 2972 978 3018 F
993 2972 1018 3017 in
1029 2973 1115 3035 circulo
1135 2974 1157 3020 B
1176 2973 1196 3019 F
1213 2973 1239 3019 H
1257 2976 1280 3019 A
1299 2974 1322 3017 vi
1341 2975 1408 3020 solari
1430 2991 1479 3021 esse

196 3034 296 3098 ideoque
307 3036 397 3095 apsides
408 3044 499 3081 octante
515 3051 528 3080 a
544 3034 636 3096 syzygiai
647 3034 739 3090 distent,
757 3035 822 3082 sinus
854 3034 1050 3097 debitumliquet.
1068 3051 1149 3082 omnes
1165 3034 1218 3082 vero
1234 3051 1320 3084 errores
1331 3053 1358 3082 er
1371 3039 1393 3084 vi
1410 3039 1479 3084 soleri

196 3101 278 3162 auguli
297 3101 317 3146 F
330 3101 352 3146 T
365 3101 386 3146 B
406 3109 440 3145 est
458 3099 508 3157 ipsa
524 3098 586 3144 linea
607 3098 661 3144 CB
681 3097 728 3142 sive
747 3096 824 3160 1172}
854 3108 923 3152 ortos,
937 3114 985 3145 esse
996 3098 1099 3158 proxime
1110 3099 1259 3159 intriplicetri
1267 3101 1355 3146 ratione
1362 3101 1478 3148 distentiae

196 3164 255 3212 dum
265 3164 344 3210 radius
353 3165 376 3210 T
386 3163 449 3209 Fest
459 3162 554 3223 oequalis
564 3162 614 3209 Tc
626 3161 672 3207 sive
683 3163 754 3216 ⁵⁵05,
767 3176 823 3223 ergo
856 3162 935 3209 Terrae
945 3177 960 3209 c
972 3163 1025 3210 Sole
1036 3164 1121 3223 sepius
1128 3165 1273 3212 observatum
1283 3173 1325 3222 est,
1337 3165 1392 3212 hinc
1400 3175 1478 3212 motus

196 3234 225 3275 eo
240 3228 265 3274 in
282 3243 337 3274 casu
348 3226 451 3288 angulus
471 3225 489 3271 F
502 3227 524 3272 T
537 3227 559 3272 B

196 3301 231 3339 est
243 3307 312 3338 verus
319 3291 432 3337 discessus
442 3289 510 3334 lineae
521 3305 561 3349 ap·

196 3356 274 3402 sidum
291 3371 306 3401 e
321 3370 364 3401 suo
375 3355 426 3400 loco
437 3352 521 3409 medio,
537 3363 561 3400 et

194 3421 257 3482 jacet
271 3420 292 3465 T
306 3419 367 3465 Fin
384 3416 438 3464 verri
449 3417 563 3477 positione

196 3483 266 3530 iineae
276 3483 391 3542 apsidum,
404 3492 427 3527 et
438 3480 493 3527 crim
506 3482 528 3527 T
541 3481 561 3527 F

196 3547 227 3594 sit
245 3547 405 3594 excentricites
422 3561 451 3591 eo
469 3547 494 3590 in
510 3544 563 3590 loco

197 3620 232 3657 est
245 3611 265 3658 F
275 3612 300 3655 in
309 3609 359 3670 ipsit
367 3609 481 3670 positione
490 3609 562 3655 centri

197 3676 277 3720 orbitae
289 3675 391 3731 lunaris;
408 3673 470 3720 idem
482 3673 560 3732 proxi·

197 3737 237 3782 me
256 3738 345 3784 eveniet
367 3739 390 3783 in
413 3737 494 3798 quovis
515 3736 561 3781 elio
601 3747 629 3806 Τ

197 3800 250 3846 loco
263 3800 297 3856 1²3
315 3816 369 3846 nam
382 3800 436 3847 cum
451 3800 560 3861 equatio·

197 3879 239 3910 nes
255 3864 343 3924 apogaei
361 3868 424 3927 (pag.
445 3864 496 3924 91.)
516 3865 562 3910 sint

197 3937 226 3974 ut
236 3927 301 3973 sinus
312 3942 379 3973 arcus
389 3928 457 3987 dupli
474 3928 561 3974 disten·

197 3991 236 4038 u'ae
245 3990 329 4050 apsidis
339 4007 353 4036 a
366 3992 425 4048 Sole,
437 4003 460 4038 et
468 3993 497 4038 sit
508 3992 528 4038 F
539 3992 561 4038 B

198 4071 266 4103 arcus
278 4054 365 4114 duplus
375 4054 490 4101 distantiae
501 4056 561 4115 apsi·

198 4118 425 4245 ἓξυααῑῗέξιὲἰξιξ
423 4135 482 4227 12³⁸urs
488 4135 650 4228 sigpedebebit
660 4183 709 4215 esse
724 4163 754 4215 ed
769 4180 821 4213 eam
853 4162 925 4212 centri
938 4162 1047 4212 Forbitae
1057 4160 1145 4210 lunaris
1156 4161 1180 4208 in
1191 4161 1279 4208 circulo
1295 4160 1316 4207 B
1332 4158 1352 4206 F
1366 4158 1394 4205 H
1408 4159 1431 4204 Δ
1448 4156 1476 4205 et

197 4263 251 4308 qum
261 4248 317 4294 huic
328 4246 379 4293 loco
393 4245 533 4304 Fcompetit
542 4257 570 4293 ut
582 4238 636 4292 BC
653 4233 681 4280 “d
701 4231 763 4283 FE,
780 4229 821 4276 “d
852 4227 1088 4303 P¹⁰P⁰¹fl⁰¹¹0vflfi³¹{
1099 4227 1173 4273 debei-
1226 4290 1232 4300 ,
1279 4289 1284 4300 ,
1310 4288 1314 4299 ,

197 4310 224 4356 in
235 4309 263 4357 εἰ
273 4308 376 4370 proxime
386 4318 442 4355 sunt
452 4309 539 4356 ratione
546 4306 628 4372 anguli
636 4312 717 4345 omnes
728 4294 747 4342 F
757 4295 779 4341 Τ
789 4294 819 4349 Β,
886 4291 926 4355 (¹¹¹)
940 4296 953 4322 ⁹
964 4294 994 4338 Ob
1002 4301 1151 4352 aequattcnem
1158 4298 1231 4336 centn
1240 4289 1294 4335 Solu
1304 4302 1329 4331 tn
1341 4293 1476 4346 argummtto

197 4373 253 4421 hinc
264 4377 341 4436 itaque
351 4385 385 4421 est
396 4388 466 4434 quam
478 4373 582 4431 proxime
595 4374 617 4419 T
631 4366 686 4415 Fin
697 4358 750 4408 verti
760 4374 821 4420 posi
854 4373 932 4403 anm
942 4359 1131 4415 ‘mmmmm’
1140 4354 1184 4400 &0
1209 4355 1286 4398 ΑΜΒ
1299 4349 1477 4423 ῨΒΪΘῙΒΨΞΕ

198 4437 261 4484 tione
273 4439 340 4484 lineae
351 4437 457 4498 apsidum
468 4445 492 4482 et
505 4437 525 4482 F
535 4447 641 4482 centrum
651 4429 739 4476 orbitre·
855 4419 878 4467 Β
889 4419 913 4466 Ι)
924 4418 948 4464 in
960 4416 1037 4479 figuris
1044 4417 1120 4464 textus
1130 4428 1165 4464 est
1175 4416 1261 4475 duplus
1269 4414 1383 4462 distantia
1390 4411 1478 4469 epsrdrs

231 4501 267 4564 (ι)
281 4506 293 4532 *
308 4507 355 4550 Per
365 4504 476 4549 methodos
487 4502 621 4547 notissime.
658 4494 698 4541 De
708 4491 736 4537 iis
746 4488 824 4549 agitur
854 4498 870 4528 a
884 4479 982 4554 syzygii,
1001 4482 1044 4527 hoc
1061 4491 1101 4537 est,
1122 4481 1208 4554 duplus
1227 4479 1341 4553 distentiae
1359 4475 1445 4535 aperus
1459 4491 1479 4548 ‚⁸

199 4565 254 4616 Lib.
269 4567 290 4612 1.
303 4566 373 4625 Prop,
386 4565 492 4611 XXXI.
857 4546 917 4600 Sole,
936 4554 1136 4604 ltaquepunctum
1156 4546 1176 4591 F
1192 4555 1310 4590 invenitur
1321 4542 1399 4587 locum
1417 4538 1480 4585 Sohs

231 4631 261 4695 (t)
280 4634 293 4661 e
307 4632 339 4678 [η
354 4632 468 4690 perpetio,
495 4628 530 4675 ,Si
548 4627 614 4673 nulla
630 4633 688 4673 esset
702 4618 737 4665 vis
754 4613 821 4669 Solis,
845 4625 869 4680 ⁴o
879 4609 929 4655 looo
944 4607 1029 4667 apsidis
1045 4609 1154 4664 tollendo,
1170 4607 1256 4683 residui
1268 4607 1297 4681 'in
1313 4603 1480 4664 consequentia

198 4699 343 4759 quiescerent
351 4693 440 4755 apsides
448 4691 629 4747 orbitaeluuaris,
641 4704 684 4736 nec
694 4688 824 4735 mutaretur
855 4672 952 4732 duplum
963 4683 998 4718 est
1007 4686 1074 4720 ⁸¹⁰¹ss
1088 4674 1109 4720 Β
1123 4672 1149 4728 F·
1162 4682 1185 4719 03
1194 4672 1220 4718 ¹d
1231 4670 1350 4719 mlduum
1360 4680 1396 4716 ⁰⁵⁸
1406 4682 1480 4729 ΒΨ·

506 4879 521 4924 t
