3374 5774
190 439 495 521 unsaramma]
523 408 1159 507 PR1N01P1AMATHEMAT10A.
1413 448 1473 535 1¹77

193 625 309 698 posset,
329 613 547 700 porrigebatur
568 611 609 675 ad
629 612 762 698 gradum
784 632 883 698 usque
903 610 1123 676 duodecimum
1142 613 1191 677 vel
1211 610 1306 699 paulb
1320 609 1418 678 altri:
1441 623 1477 674 ut

195 745 290 807 supra
310 722 429 786 dictum
450 735 506 802 est.
550 721 614 786 Sed
627 732 660 784 et
682 720 758 799 Feb.
775 731 794 786 9
810 733 842 784 et
858 729 898 785 10
912 720 968 784 ubi
982 734 1076 806 caput
1089 721 1182 784 nudis
1196 722 1294 786 oculis
1308 720 1406 784 videri
1421 718 1475 782 dc·

195 832 297 908 sierat,
321 831 453 895 caudam
471 829 587 917 gradus
607 828 686 892 duos
707 828 833 916 longam
852 849 910 912 per
930 827 1131 913 telescopium
1152 829 1376 913 contemplatus
1396 849 1475 891 sum.

197 939 299 1004 Porrd
314 940 340 1004 si
354 941 453 1004 cauda
467 941 600 1004 oriretur
614 962 655 1003 ex
664 938 848 1003 refractione
857 939 996 1003 materiae
1007 940 1149 1017 coelestis,
1161 951 1193 1004 et
1200 962 1258 1024 pro
1269 938 1370 1028 figuris
1381 941 1476 1003 coelo-
1513 936 1517 953 '

196 1068 267 1111 rum
282 1047 500 1111 deflecteretur·
510 1046 550 1109 de
567 1045 648 1111 Solis
664 1045 868 1131 oppositione,
884 1044 1012 1109 deberet
1022 1045 1156 1110 deflexio
1170 1046 1223 1110 illa
1236 1045 1270 1109 in
1284 1046 1394 1109 iisdem
1406 1046 1476 1110 coeli

195 1156 374 1243 regionibus
399 1156 433 1218 in
458 1153 590 1219 eandem
615 1173 737 1237 semper
756 1164 879 1237 partem
898 1151 977 1216 fieri.
1022 1153 1121 1238 Atqui
1142 1165 1263 1218 cometa
1285 1153 1360 1216 anni
1383 1162 1477 1218 1680.

197 1267 364 1331 Decembr.
380 1275 432 1330 28.
448 1266 527 1329 hora
548 1268 589 1346 8}
604 1286 636 1349 p.
651 1286 693 1328 m.
710 1263 857 1340 Londini,
872 1264 1052 1328 versabatur
1072 1266 1106 1328 in
1124 1275 1150 1328 >t
1169 1274 1223 1331 8⁸¹.
1238 1269 1300 1332 41‘.
1316 1287 1387 1330 cum
1408 1265 1478 1329 lati·

148 1389 149 1396 ’
196 1376 304 1440 tudine
328 1375 446 1439 boreali
469 1381 544 1438 28⁸¹.
560 1374 599 1438 6'.
623 1373 696 1437 Sole
710 1373 861 1437 existente
885 1373 919 1436 in
939 1377 973 1437 ta
991 1380 1064 1436 lav.
1085 1375 1147 1438 26'.
1192 1374 1236 1438 Et
1259 1388 1382 1438 cometa
1404 1374 1478 1460 anni

200 1489 293 1550 1577.
308 1482 389 1546 Dec.
405 1489 457 1545 29.
478 1479 658 1543 versabatur
678 1479 711 1542 in
729 1487 755 1541 ³<
775 1486 828 1543 8⁸¹.
844 1480 907 1542 41'.
925 1501 996 1544 cum
1017 1479 1179 1543 latitudine
1193 1479 1311 1544 boreali
1326 1487 1401 1544 28⁸2
1416 1483 1478 1544 40¹.

201 1588 278 1653 Sole
293 1588 387 1650 etiam
401 1586 551 1651 existente
565 1586 597 1648 iu
611 1590 644 1651 Β
664 1592 736 1649 18⁸¹.
752 1586 814 1650 26‘.
830 1584 961 1650 circiter.
999 1586 1143 1672 Utroque
1159 1587 1192 1650 in
1207 1609 1281 1651 casn
1296 1586 1397 1651 Terra
1411 1610 1480 1651 ver-

199 1699 324 1762 sabatur
348 1698 381 1759 in
405 1696 514 1760 eodem
536 1696 616 1772 loco,
642 1708 674 1759 et
698 1700 819 1758 cometa
843 1690 1012 1779 apparebat
1036 1696 1069 1758 in
1093 1695 1202 1758 eisdem
1223 1695 1293 1759 coeli
1316 1709 1424 1781 parte:
1447 1697 1481 1759 in

197 1807 295 1890 priori
310 1819 413 1870 tamen
427 1828 501 1869 casu
514 1805 614 1868 cauda
628 1815 758 1868 cornetae
773 1808 828 1887 (ex
841 1800 919 1867 meis
933 1815 965 1866 et
979 1802 1111 1866 aliorum
1122 1803 1410 1884 observationibus)
1426 1804 1481 1868 de-

199 1918 333 1982 clinabat
353 1916 469 2004 angulo
489 1915 643 2002 graduum
665 1918 706 1995 4}
729 1914 770 1977 ab
791 1913 986 1997 oppositione
1010 1913 1090 1976 Solis
1106 1914 1282 1998 aquilonem
1296 1936 1424 1992 versus,
1449 1913 1483 1977 iu

198 2025 370 2109 posteriore
383 2023 458 2087 verd
473 2027 526 2106 (ex
541 2018 806 2084 observationibus
822 2017 994 2110 Tychonis)
1009 2018 1174 2082 declinatio
1189 2031 1255 2082 erat
1268 2019 1423 2105 graduum
1438 2027 1476 2084 21

201 2135 233 2195 in
255 2144 403 2196 austrum.
447 2129 549 2216 Igitur
569 2126 730 2212 repudiati
751 2126 902 2190 coelorum
922 2126 1116 2205 refractione,
1139 2141 1278 2212 superest
1297 2140 1332 2191 ut
1351 2127 1482 2213 phaeno-

200 2261 292 2304 mena
306 2237 476 2302 caudarum
490 2258 531 2301 ex
546 2235 673 2299 materiai
689 2233 792 2321 aliqui
807 2235 908 2300 lucem
923 2237 1100 2300 reflectente
1114 2237 1300 2302 deriventtn.

245 2345 369 2410 Caudas
391 2356 495 2408 autem
509 2367 529 2407 a
543 2343 695 2426 capitibus
710 2342 785 2405 oriri
800 2355 832 2406 et
845 2343 879 2405 in
893 2343 1035 2429 regiones
1055 2367 1075 2407 a
1095 2344 1168 2407 Sole
1182 2366 1304 2408 aversas
1319 2343 1485 2434 ascendere

202 2455 407 2520 confirmatur
433 2456 471 2539 (⁸)
497 2477 538 2517 ex
560 2453 681 2542 legibus
702 2475 779 2539 quas
799 2453 973 2518 observant.
1019 2454 1066 2519 Ut
1087 2455 1173 2541 quod
1190 2434 1223 2518 in
1241 2455 1342 2541 planis
1361 2455 1486 2520 orbium

202 2558 395 2628 cometarum
407 2587 464 2648 per
482 2565 586 2630 Solem
601 2564 830 2656 transeuntibus
840 2565 988 2650 jacentes,
1000 2565 1125 2630 deviant
1138 2567 1178 2630 ab
1192 2568 1387 2652 oppositione
1403 2567 1486 2632 Solis

202 2676 235 2737 in
250 2698 302 2738 eas
317 2697 440 2759 semper
452 2686 567 2757 partes,
580 2695 656 2759 quas
670 2673 772 2757 capita
784 2672 818 2736 in
832 2672 959 2738 orbibus
973 2672 1033 2737 illis
1051 2675 1283 2761 progredientia
1295 2675 1484 2760 relinquunt.

204 2780 302 2856 Quod
328 2780 494 2864 spectatori
518 2781 551 2865 in
575 2778 624 2842 his
650 2778 750 2864 planis
773 2778 941 2844 constituto
966 2792 1118 2864 apparent
1139 2781 1173 2844 in
1200 2780 1340 2864 partibus
1365 2803 1385 2844 a
1412 2779 1486 2844 Sole

204 2947 833 3088 illdabdgbbbefyfiiggb‘effmmmwctbdagbudedg
862 2947 1326 3088 ᾙᾝςᾝέἰέτὲξιτᾝεῖΐ
1337 2950 1488 3063 bstiidmdrrtebid

205 3075 268 3123 dicti
292 3077 402 3125 Newtonr
424 3073 539 3123 sententiis
563 3091 666 3136 apprime
689 3085 831 3138 congruunt.
863 3091 949 3124 aversa.
985 3077 1051 3124 Hrnc
1071 3085 1134 3137 patet
1149 3092 1176 3123 rn
1196 3092 1249 3138 apso
1264 3088 1360 3125 cometa
1377 3077 1488 3138 perihelio

207 3140 290 3187 Gauda
299 3156 314 3186 a
325 3149 421 3188 cometas
431 3140 506 3200 capite
519 3141 611 3200 vaporis
625 3140 698 3186 instar
713 3140 738 3186 in
748 3140 830 3197 altum,
861 3140 988 3188 maximam
998 3156 1046 3188 ease
1056 3141 1137 3189 candae
1150 3140 1304 3189 deviationem
1315 3142 1487 3204 maximamque

206 3202 231 3248 id
241 3214 282 3260 est,
293 3203 320 3250 in
330 3213 405 3263 partes
415 3203 490 3252 aScle
497 3219 585 3251 aversas
593 3219 716 3266 assurgam
725 3202 750 3249 in
762 3203 832 3263 plano
862 3212 1023 3263 curvaturam
1035 3214 1091 3253 tunc
1102 3204 1165 3251 enim
1175 3213 1238 3252 recta
1249 3204 1327 3252 Solem
1338 3216 1362 3251 et
1372 3216 1487 3254 cometam

205 3266 268 3313 orbis
277 3276 374 3314 cometa
385 3283 426 3327 per
435 3268 512 3315 Solem
523 3276 657 3314 transeunte
663 3267 741 3330 jacere
748 3266 831 3325 debet;
863 3267 1043 3330 conjungenstd
1051 3270 1131 3315 orbem
1137 3276 1234 3315 cometas
1241 3267 1352 3314 normalis
1359 3279 1400 3315 est.
1422 3270 1488 3316 Pne-

122 3341 124 3365 2
206 3330 233 3376 in
243 3330 485 3393 aethereenimqnieto
496 3331 561 3378 nulla
568 3330 831 3378 estratiocuradhanc
861 3329 924 3377 terei
944 3333 975 3377 ob
995 3330 1129 3391 praedictam
1155 3329 1210 3378 licet
1229 3329 1357 3377 admodum
1378 3333 1487 3393 exiguam

206 3394 284 3454 potius
297 3392 368 3456 quim
384 3394 415 3442 ad
431 3395 497 3442 illam
512 3404 602 3455 partem
617 3393 731 3442 deflectat.
767 3394 832 3449 Quis
862 3392 954 3440 aetheris
973 3394 1133 3451 resistentiam,
1155 3408 1258 3440 convers
1277 3392 1358 3442 caudae
1375 3395 1444 3442 facies
1462 3396 1488 3442 in

206 3466 284 3504 autem
300 3472 370 3519 vapor
385 3460 484 3519 acapite
499 3460 578 3506 exiens
593 3457 653 3504 duos
667 3468 746 3506 motus
760 3457 832 3504 simul
862 3457 971 3503 aetberem
986 3455 1105 3504 lammens
1115 3457 1207 3504 densior
1217 3467 1259 3515 est,
1275 3472 1303 3504 ac
1316 3458 1413 3517 proinde
1429 3459 1487 3505 luci-

207 3521 332 3580 componit,
349 3522 449 3600 alterum
459 3521 547 3569 scilicet
556 3536 665 3596 amensqs
675 3521 731 3568 recti
741 3537 756 3568 a
768 3520 829 3577 Sole,
862 3520 913 3566 dior
920 3529 944 3567 et
951 3519 1081 3567 distinctius
1087 3521 1209 3597 terminata
1216 3521 1334 3582 apparebit
1341 3519 1412 3582 quim
1418 3522 1489 3569 facies

207 3583 833 3710 immutant
863 3583 1489 3708 flumina

128 3748 130 3751 .
208 3710 263 3758 inde
278 3711 354 3760 deviet
369 3712 395 3758 in
410 3727 449 3759 eas
464 3721 607 3774 partesquas
617 3721 713 3758 cometa
723 3722 794 3771 caput
807 3712 833 3757 in
864 3711 950 3759 caudas
970 3727 985 3758 a
1003 3711 1116 3771 capitibus
1133 3710 1188 3759 oriri
1206 3721 1230 3759 et
1244 3712 1270 3757 in
1284 3713 1390 3773 regiones
1405 3728 1419 3759 a
1435 3712 1490 3760 Sole

208 3778 264 3822 orbe
278 3790 321 3823 suo
331 3775 480 3838 progrediens
490 3775 615 3837 relinquit;
627 3775 647 3821 si
657 3784 734 3823 tamen
745 3786 833 3836 specte·
865 3791 953 3821 aversas
969 3776 1093 3823 ascendam
1109 3775 1259 3823 confirmatur
1275 3789 1304 3821 ex
1325 3775 1416 3839 legibus
1431 3791 1490 3840 quas

208 3847 245 3886 tor
255 3838 279 3884 in
291 3842 353 3887 orbis
363 3839 468 3888 cometici
480 3840 549 3899 pinno
559 3854 600 3899 per
612 3839 689 3886 Solem
700 3848 834 3886 transeunts
864 3840 992 3886 observant.

208 3903 369 3961 constituatur,
380 3902 570 3951 deviatiocaudas
580 3902 716 3965 neutiquam
727 3903 833 3958 sentitur,
899 3905 952 3950 165.
980 3901 1109 3963 Descriptis
1129 3900 1276 3961 opinionibus
1296 3901 1326 3951 de
1347 3916 1491 3952 romermunt

208 3966 322 4028 quietata
332 3967 357 4013 in
367 3967 568 4029 plancistojacet.
602 3966 671 4013 Licet
680 3981 751 4027 vapor
758 3981 834 4013 assur·
865 3965 946 4013 caudis
962 3966 1113 4030 adjungenda
1128 3975 1163 4012 est
1177 3965 1299 4028 illaquam
1314 3966 1399 4014 clariss.
1415 3969 1447 4016 D.
1461 3969 1492 4017 ds

208 4045 267 4093 gens
284 4040 375 4078 motum
394 4030 475 4092 capitis
492 4029 619 4090 participet,
631 4038 720 4076 'tamen
741 4038 834 4090 propter
867 4029 961 4077 Msirsn
976 4030 1002 4076 in
1017 4029 1104 4076 eximio
1115 4030 1193 4090 Opere
1203 4029 1233 4076 de
1247 4029 1339 4078 Aurcrd
1352 4032 1444 4080 Boresli
1455 4033 1492 4080 hia

209 4093 333 4155 aliqualem
349 4095 441 4142 athera
456 4093 616 4151 resistentiam,
635 4093 714 4140 minus
729 4093 837 4142 velociter
868 4103 947 4140 tuetur
957 4093 1074 4141 redonum
1084 4093 1215 4140 momentis.
1252 4096 1360 4143 Cametas
1370 4096 1400 4142 ad
1413 4096 1494 4143 Solem

209 4155 282 4217 quim
298 4168 368 4217 caput
388 4159 466 4219 ipsum
486 4156 640 4220 progreditm,
662 4165 686 4204 et
703 4172 752 4219 quo
767 4156 838 4204 altius
868 4155 1086 4216 prorimdaccedere
1093 4157 1437 4218 observationibuscompertum
1444 4169 1492 4218 est;

210 4220 313 4268 ascendit
328 4236 397 4282 vapor
412 4221 441 4270 ed
456 4221 484 4269 fit
494 4222 574 4279 rarior,
590 4219 615 4268 id
628 4228 671 4278 est,
687 4236 735 4282 quo
745 4220 838 4283 longior
868 4219 923 4268 hinc
939 4221 1100 4268 Newtoniansr
1110 4220 1250 4268 attractionis
1266 4223 1357 4285 legibus
1371 4233 1492 4271 consenta-

211 4292 246 4330 sst
266 4284 340 4332 cauda
360 4285 389 4332 ed
408 4285 520 4348 majorem
541 4285 659 4345 experitur
675 4284 835 4341 resistentiam,
868 4298 939 4331 neum
960 4284 1051 4332 videtur
1072 4292 1100 4331 ut
1119 4284 1221 4347 aliquam
1238 4285 1318 4332 solaris
1334 4289 1494 4347 atmosphaerss

211 4343 312 4408 idet‘sqns
331 4348 463 4408 precedens
481 4348 561 4396 caudas
581 4348 649 4404 latus,
668 4347 733 4411 qnod
751 4346 838 4395 scilicet
867 4347 988 4394 materiam
1003 4357 1094 4394 cometa
1108 4349 1213 4395 studiat.
1249 4350 1387 4402 curantem
1398 4351 1495 4398 materis

211 4409 384 4486 proximasset
401 4412 504 4473 partibus
524 4411 555 4460 sd
568 4427 629 4488 quas
647 4411 722 4459 tendit
739 4421 836 4466 cometa,
868 4411 920 4458 haec
932 4411 1004 4486 instar
1019 4426 1093 4487 coma
1111 4421 1180 4487 veqtp
1196 4411 1288 4475 agitate
1309 4412 1452 4477 dispergatur
1470 4423 1495 4461 et

211 4483 839 4593 ttt‘tlsttttqttifftdrtttteia
869 4474 1496 4599 tilttttttttittttfftittttit

210 4602 282 4647 etiam
297 4601 438 4648 incursatur.
473 4601 535 4648 Hac
545 4618 560 4649 a
577 4603 632 4650 Sole
641 4602 742 4650 davhtio
752 4611 777 4649 et
787 4616 839 4648 cur-
871 4603 1035 4662 experimentis
1044 4612 1132 4651 certum
1141 4602 1267 4652 estsolares
1274 4604 1351 4652 radios
1358 4605 1422 4652 omni
1430 4619 1496 4664 pror-

211 4662 838 4729 vaturaedminorestqudrectaSolsmcometamque
869 4681 910 4712 sus
925 4666 1072 4727 impulsionis
1087 4667 1110 4713 vi
1126 4681 1174 4713 non
1189 4681 1274 4716 mere.
1308 4668 1401 4717 Clarias.
1417 4668 1495 4714 Hom-

212 4729 358 4793 conjungens
372 4728 488 4792 obliquior
497 4738 532 4777 est
541 4728 572 4777 ad
581 4738 677 4779 comem
688 4729 802 4789 osbitsm3
819 4730 838 4776 si
869 4730 964 4795 bergius
973 4731 1036 4780 raris
1044 4729 1148 4779 materia
1163 4729 1285 4779 levissimas
1294 4731 1412 4780 filaments
1425 4732 1497 4780 radiis
1529 4741 1532 4757 ¹
