3374 5774
214 462 515 546 LrannTn'n'rrus.]
548 463 788 530 PRINCIPIA
812 462 1181 529 M'ATHEMATICA.
1432 471 1488 526 181

212 629 305 695 datur
326 655 346 695 a
370 632 534 717 superficie
555 632 588 697 T
587 655 665 697 errae
686 633 727 697 ed
749 633 943 696 altitudinem
964 631 1198 696 semi-diametri
1218 634 1310 698 unius
1328 634 1491 711 terrestris,

209 741 309 802 rarior
323 741 363 804 sit
377 740 470 827 quim
485 741 569 826 apud
583 763 641 805 nos
655 742 688 804 in
703 741 822 805 ratione
837 740 930 828 longe
944 740 1063 823 majori,
1079 761 1173 824 quam
1188 741 1278 823 spatii
1291 742 1391 804 omnis
1412 739 1493 803 infra

209 849 317 911 orbem
342 850 469 914 Saturni
489 848 530 913 ad
551 849 681 936 globum
702 849 854 912 diametro
874 847 964 934 digiti
984 847 1076 909 unius
1097 845 1296 929 descriptum.
1351 847 1492 933 Ideoque

208 958 322 1044 globus
337 960 416 1022 aeris
427 959 526 1023 nostri
534 959 667 1046 digitum
676 966 774 1022 unun'r
788 960 877 1036 latus,
893 957 929 1022 eti
942 979 1013 1021 cum
1023 942 1151 1022 raritate
1162 979 1255 1043 qnam
1265 956 1394 1021 haberet
1403 958 1436 1020 in
1446 956 1492 1020 al·

206 1065 339 1128 titudine
350 1065 582 1130 semi-diametri
592 1066 685 1129 unius
696 1066 859 1142 terrestris,
870 1063 1015 1149 impleret
1022 1086 1130 1128 omncs
1143 1064 1338 1149 planetarum
1347 1065 1490 1151 regiones

208 1195 306 1259 usque
322 1175 362 1237 ad
377 1174 533 1259 sphoeram
550 1175 676 1239 Saturni
689 1192 721 1239 et
735 1173 827 1262 longe
841 1173 932 1238 ultni.
978 1173 1114 1238 Proinde
1129 1171 1200 1238 clam
1215 1177 1268 1238 abr
1282 1173 1385 1237 adhuc
1399 1173 1490 1236 altior

207 1279 240 1340 in
262 1280 448 1344 immensum
470 1293 616 1358 rarescat,
639 1293 671 1345 et
686 1304 776 1345 coma
790 1304 844 1346 seu
859 1280 1067 1366 atmospbaera
1080 1291 1219 1357 cometa,
1238 1278 1435 1344 ascendendo
1449 1278 1489 1342 ab

154 1384 159 1393 ’
206 1386 289 1450 illius
304 1401 421 1464 centro,
438 1389 526 1474 quasi
541 1388 675 1473 decuplo
690 1390 782 1454 altior
795 1391 836 1455 sit
846 1388 938 1476 quam
950 1390 1128 1474 superficies
1142 1389 1254 1466 nuclei,
1267 1389 1380 1453 deinde
1391 1388 1489 1453 cauda

211 1493 315 1556 adhuc
338 1495 429 1557 altius
451 1496 608 1572 ascendat,
631 1496 758 1560 debebit
778 1498 879 1566 cauda
895 1520 962 1566 esse
976 1495 1069 1582 quim
1083 1497 1247 1561 rarissima.
1291 1496 1334 1560 Et
1348 1496 1488 1582 quamvis

206 1599 248 1663 ob
277 1599 370 1686 longe
395 1602 577 1664 crassiorem
600 1615 791 1666 cometarum
813 1603 1061 1686 annosphaeram,
1089 1624 1297 1689 magnamque
1320 1624 1487 1686 corporum

205 1703 441 1794 gravitationem
458 1708 563 1773 Solem
578 1731 693 1788 versus,
715 1723 746 1774 et
764 1710 1000 1797 gravitationem
1022 1709 1243 1793 particularum
1257 1708 1335 1773 a‘e‘ris
1349 1720 1381 1772 et
1393 1730 1488 1791 vapo-
1560 1737 1563 1742 ·

205 1839 276 1879 rum
290 1817 323 1885 in
338 1840 370 1882 se
385 1816 504 1896 mutuo,
520 1819 588 1883 fieri
602 1821 701 1904 possit
715 1832 751 1884 ut
765 1824 818 1884 aer
831 1820 864 1884 in
879 1821 984 1905 spatiis
999 1820 1175 1884 coelestibus
1190 1820 1283 1905 inque
1298 1833 1488 1884 cometarum

206 1923 314 1986 caudis
344 1945 409 1986 non
437 1922 517 1987 aded
554 1937 708 2001 rarescat3
744 1927 948 2012 perexiguam
984 1938 1090 1988 tamen
1119 1926 1320 2009 quantitatem
1350 1926 1429 1991 airis
1458 1939 1490 1989 et

204 2053 359 2115 vaporum
379 2031 421 2095 ad
442 2032 547 2095 omnia
567 2032 622 2096 illa
642 2032 811 2096 caudarum
831 2032 1038 2117 phaenomena
1059 2029 1182 2095 abunde
1196 2031 1345 2107 sufficere,
1368 2053 1408 2095 ex
1429 2031 1488 2094 hac

203 2141 435 2224 computatione
449 2142 648 2226 perspicuum
670 2153 725 2204 est.
770 2141 854 2204 Nam
868 2153 900 2204 et
913 2139 1082 2204 caudarum
1096 2137 1226 2224 insignis
1244 2138 1354 2207 raritas
1368 2137 1488 2224 colligi·

203 2259 257 2312 tur
278 2272 320 2313 ex
341 2250 430 2314 astris
452 2273 511 2335 per
531 2274 583 2315 eas
605 2249 872 2316 translucentibus.
917 2249 1137 2334 Annosphaera
1150 2247 1303 2313 terrestris
1320 2248 1390 2314 lnce
1407 2249 1487 2314 Solis

204 2357 381 2440 splendens,
398 2358 602 2422 crassitudine
616 2357 672 2422 suri
686 2380 858 2442 paucorum
871 2357 1058 2433 milliarium,
1074 2367 1107 2420 et
1120 2367 1203 2420 astra
1216 2355 1322 2419 omnia
1335 2365 1367 2419 et
1388 2355 1487 2439 ipsam

204 2463 329 2527 Lunam
354 2465 500 2531 obscurat
525 2477 557 2530 et
579 2467 732 2554 extinguit
756 2468 897 2551 penitus:
930 2488 988 2551 per
1012 2467 1195 2530 immensam
1218 2463 1293 2529 verb
1319 2464 1487 2529 caudarum

203 2571 452 2649 crassitudinem,
475 2572 545 2636 luce
565 2573 682 2657 pariter
704 2572 797 2637 solari
810 2573 1003 2651 illustratam,
1025 2584 1109 2636 astra
1121 2571 1249 2635 minima
1263 2571 1329 2635 sine
1342 2571 1487 2634 claritatis

201 2680 389 2747 detrimento
411 2681 602 2745 translucere
626 2694 808 2745 noscuntur.
867 2682 980 2766 Neque
1003 2683 1104 2764 major
1125 2702 1193 2744 esse
1216 2678 1295 2743 solet
1317 2679 1486 2742 caudamm

200 2786 408 2870 plurimarum
430 2787 588 2870 splendor,
608 2785 705 2872 quiam
721 2787 800 2851 aeris
814 2788 913 2852 nostri
934 2787 968 2849 in
982 2786 1147 2850 tenebroso
1161 2784 1304 2849 cubiculo
1324 2784 1485 2850 latitudine

200 2894 291 2980 digiti
306 2895 398 2958 unius
412 2894 584 2959 duorumve
599 2896 700 2960 lucem
717 2897 798 2961 Solis
813 2897 846 2960 in
855 2897 969 2982 jubare
983 2896 1176 2960 reflectentis.

246 2991 322 3077 Quo
346 3000 495 3085 temporis
521 3003 621 3087 spatio
645 3024 742 3086 vapor
767 3025 786 3066 a
810 3004 910 3086 capite
934 3002 975 3066 ad
1003 3002 1170 3067 terminum
1199 3001 1307 3066 caudae
1335 3001 1483 3078 ascendit,

200 3111 240 3192 (ὰ)
260 3110 408 3197 cognosci
430 3109 494 3174 ferd
516 3123 619 3195 potest
639 3110 782 3176 ducendo
803 3123 919 3175 rectam
940 3134 960 3175 a
980 3111 1113 3175 termino
1134 3110 1242 3174 caudae
1256 3111 1297 3174 ad
1314 3111 1429 3185 Solem,
1452 3119 1484 3172 et
1547 3106 1548 3111 ’

197 3280 269 3344 quare
279 3283 363 3344 globus
373 3281 431 3329 aiiris
442 3281 512 3328 nostri
527 3282 626 3346 digitum
637 3298 713 3330 unum
724 3283 785 3330 latus
795 3282 824 3330 ed
854 3281 1023 3344 propressivum
1037 3296 1107 3344 quem
1124 3280 1178 3328 antd
1193 3295 1313 3326 ascensum
1324 3295 1394 3326 suum
1410 3281 1480 3327 habe·

197 3361 252 3392 curn
271 3346 362 3392 raritate
380 3361 450 3407 quam
469 3348 562 3393 haberet
577 3347 603 3392 in
619 3347 741 3394 altitudine
754 3347 823 3394 semi·
854 3349 901 3401 bat,
918 3346 1043 3417 componit,
1079 3343 1126 3391 Sed
1141 3359 1183 3404 per
1194 3344 1267 3390 varias
1276 3341 1478 3402 methodospanld

196 3409 302 3455 diametri
319 3409 389 3456 unius
403 3411 520 3462 terrestris,
536 3410 642 3470 impleret
652 3425 734 3456 omnes
743 3410 823 3470 plane-
854 3407 908 3456 ante
919 3408 1042 3470 explicatas
1049 3407 1146 3454 inveniri
1154 3415 1228 3468 potest
1235 3417 1328 3468 tempus
1334 3422 1382 3469 quo
1389 3416 1479 3456 comete

196 3473 394 3600 ῗεωὲιὲιῃῑιεὲιέηεε
405 3488 477 3537 usque
492 3473 524 3520 ad
534 3475 646 3534 sphaeram
661 3473 755 3520 Saturni
765 3482 789 3520 et

205 3550 235 3582 on

228 3663 261 3726 (⁶)
275 3668 328 3712 169.
346 3667 358 3695 ⁸
373 3665 480 3726 cognosci
485 3663 541 3729 scr?
550 3673 633 3726 potest.
666 3663 792 3713 ReferatS

198 3725 285 3783 Solem,
300 3728 323 3774 Α
336 3729 358 3776 Β
369 3729 505 3791 trajectorioe
518 3729 637 3775 cometica
651 3728 788 3787 portionem.

198 3789 235 3836 Sit
246 3791 270 3837 N
281 3801 378 3838 comete
388 3791 487 3838 nucleus
497 3794 527 3839 ab
540 3793 562 3838 A
574 3807 652 3838 remus
664 3792 686 3838 B
696 3806 790 3854 progre-

195 3853 269 3911 diens,
288 3855 309 3902 C
325 3855 437 3902 terminus
452 3855 540 3902 ωυᾶω.
577 3856 686 3903 Ducatnr
700 3865 791 3902 rectae

195 3917 294 3964 termino
304 3919 345 3965 illo
357 3920 377 3965 C
388 3919 418 3966 ad
426 3919 512 3975 Solem,
519 3928 636 3978 punctum
646 3919 669 3975 d,
678 3919 719 3965 ubi
729 3928 792 3966 recta

195 3983 346 4044 trajectoriam
357 3991 425 4039 secat,
434 3982 563 4044 designabit
573 3982 652 4029 locum
659 3996 688 4030 ex
696 3996 743 4043 quo
750 3997 790 4029 va·

194 4059 237 4104 por
247 4045 272 4091 in
284 4048 382 4094 termino
391 4046 473 4094 cauda
481 4046 603 4094 ascendere
611 4046 789 4106 ooepitacapite‚
829 4071 860 4118 Α

195 4108 215 4154 si
226 4124 297 4169 vapor
306 4110 346 4156 ille
356 4110 420 4158 recti
430 4109 537 4158 ascendat
544 4126 562 4159 ,a
574 4110 634 4157 Sole.
671 4109 736 4165 Quia
746 4125 789 4157 au·

194 4179 242 4219 tem
253 4188 323 4232 vapor
333 4188 380 4220 non
391 4173 453 4221 rectd
463 4174 586 4222 ascendite
595 4174 656 4230 Sole,
664 4173 706 4221 sed
716 4174 790 4234 vergit

195 4250 274 4283 versus
284 4248 359 4295 panes
377 4238 408 4294 A,
425 4254 482 4299 quas
492 4238 582 4285 cometa
596 4237 690 4300 reliquit
707 4237 788 4300 (164.)

195 4309 279 4360 agatur
287 4311 350 4347 recta
362 4301 416 4355 SE.
428 4302 538 4361 parallela
548 4301 687 4364 longitudini
698 4301 787 4356 caudae,

194 4362 231 4408 vel
248 4363 325 4422 potins
343 4366 384 4428 (ob
394 4375 484 4410 motum
505 4366 658 4412 curvilineum
677 4365 785 4425 comete)

193 4436 257 4472 recta
266 4426 307 4473 illa
317 4425 404 4474 alioci
413 4427 494 4474 caudae
504 4427 614 4491 ditet-gat,
625 4439 695 4491 atque
705 4429 787 4490 trajac-

194 4489 276 4537 toriatn
293 4501 389 4536 comctae
403 4491 487 4537 alicubi
503 4491 631 4549 intersecet,
647 4490 740 4553 pntdin
752 4492 788 4549 D,
1219 4477 1242 4536 s
1314 4539 1316 4544 .

193 4569 265 4614 vapor
274 4555 315 4616 qui
330 4569 393 4600 nunc
403 4553 529 4600 terminum
539 4555 620 4602 candae
630 4555 757 4612 constituit,
774 4570 789 4602 a

194 4618 278 4665 nucleo
295 4617 505 4678 coepit-ascendere
520 4617 577 4663 dum
593 4629 683 4666 cometa
698 4620 723 4665 in
739 4619 820 4681 trajec-
851 4619 930 4670 locum
953 4623 979 4670 D
1000 4623 1127 4686 occupavit,
1150 4631 1174 4670 et
1194 4631 1269 4683 potest
1286 4620 1377 4670 definiri
1392 4628 1480 4683 quanto

194 4682 259 4728 toria
274 4696 323 4729 suae
338 4683 390 4728 loco
408 4681 434 4728 D
450 4683 595 4739 versabatur;
614 4682 655 4743 ‚hic
673 4683 737 4730 enim
751 4697 821 4742 vapor
851 4686 961 4746 temporis
979 4687 1053 4748 spatio
1071 4703 1132 4748 opus
1148 4688 1177 4732 sit
1197 4697 1223 4732 nt
1239 4695 1329 4733 corneta
1345 4683 1479 4746 trajectorioe

195 4757 250 4790 cum
274 4756 340 4794 motu
361 4743 468 4794 nsceusln
489 4761 504 4792 a
526 4745 587 4805 Solo,
610 4756 701 4795 motum
722 4755 819 4794 cometae
851 4750 980 4810 portionem
1001 4752 1023 4799 D
1041 4753 1074 4811 N,
1091 4749 1237 4815 longitudine
1252 4750 1337 4804 datam,
1354 4755 1478 4810 percurrat,
