3374 5774
226 487 340 553 Lrnnn
355 487 537 568 Tannus]
582 484 826 553 PRINCIPIA
849 483 1221 553 MATHEMATIOA.
1453 492 1516 556 197

218 683 401 749 moventur,
419 694 514 758 quam
528 667 708 758 longissime
719 669 837 733 distent
850 669 891 732 ab
905 668 1049 746 invicem,
1065 681 1098 732 et
1111 691 1145 733 se
1158 666 1268 732 mutui>
1281 665 1376 753 quaint
1388 667 1518 734 miniani

222 775 362 874 trahant.
408 779 482 855 Qut
497 779 537 843 de
551 777 645 842 causi
661 789 800 854 cometae,
822 777 897 862 qtria
918 775 1010 841 altids
1025 777 1228 854 descendunt,
1250 776 1385 864 ideoque
1404 776 1530 842 tardis-i

226 881 304 946 sime
318 896 483 949 moventur
498 885 530 947 in
545 884 686 968 apheliis,
701 883 818 948 debent
831 883 926 947 altids
940 883 1119 950 ascendere.

269 989 411 1069 Cometa,
435 992 488 1077 qui
509 1013 593 1055 auno
617 1000 701 1055 1680
724 991 879 1075 appamit,
902 991 1007 1055 nunus
1028 989 1198 1055 distabata
1213 988 1287 1054 Sole
1308 989 1341 1052 in
1360 989 1514 1074 perihelio
1614 972 1617 980 ¹

224 1121 283 1165 suo
297 1099 391 1186 qudm
404 1115 494 1187 parte
508 1100 596 1166 sexti
611 1100 755 1165 diametri
776 1100 878 1176 Solis3
901 1112 933 1164 et
953 1112 1084 1186 propter
1098 1120 1252 1164 summam
1266 1098 1460 1163 velocitatem
1480 1099 1515 1163 in

223 1206 335 1274 viciniis
349 1207 412 1287 illd,
429 1221 461 1274 et
475 1196 658 1271 densitatem
669 1207 805 1293 aliquam
816 1206 1035 1291 atmoaphaerae
1052 1205 1143 1284 Solis,
1159 1203 1365 1269 resistentiam
1381 1203 1515 1268 nonnul·

225 1314 290 1379 lam
312 1316 426 1381 sentire
447 1315 565 1392 debuit,
589 1326 620 1379 et
641 1313 869 1398 aliquantulum
882 1312 1045 1391 retardari,
1060 1323 1092 1376 et
1105 1308 1235 1396 propiirs
1249 1310 1290 1373 ad
1307 1309 1413 1376 Solem
1427 1333 1515 1376 acce·

223 1421 318 1487 dere:
341 1436 373 1487 et
388 1422 517 1507 singulis
532 1420 779 1487 revolutionibus
794 1419 973 1484 accedendo
984 1419 1028 1482 ‘ad
1041 1417 1158 1495 Solem,
1173 1416 1290 1481 incidet
1303 1415 1467 1481 istandem
1481 1417 1515 1480 in

225 1550 339 1613 corpus
363 1528 455 1592 Solis.
502 1528 566 1594 Sed
587 1540 620 1592 et
640 1527 673 1590 in
695 1526 820 1611 aphelio
834 1526 889 1590 ubi
903 1523 1079 1589 tardissime
1093 1535 1247 1600 movetur,
1268 1522 1437 1608 aliquando
1456 1545 1516 1608 per

224 1636 438 1700 attractionem
455 1634 585 1698 aliorum
602 1645 793 1698 cometarum
808 1632 962 1697 retardari
976 1644 1090 1717 potest,
1104 1643 1136 1696 et
1150 1628 1283 1695 subinde
1297 1630 1330 1693 in
1346 1629 1453 1695 Solem
1466 1629 1516 1694 in·

224 1742 339 1806 cidere.
384 1743 422 1826 (⁶)
449 1741 502 1807 Sic
525 1741 617 1806 etiam
643 1741 741 1806 stellae
766 1741 851 1819 fixae,
872 1764 944 1828 quae
969 1740 1120 1825 paulatim
1143 1739 1289 1823 expirant
1308 1738 1342 1802 in
1362 1737 1466 1802 lucem
1484 1750 1517 1804 et

224 1871 366 1934 vapores,
382 1850 510 1915 cometis
524 1851 557 1913 in
573 1849 655 1933 ipsas
669 1849 878 1913 incidentibus
893 1847 981 1913 refici
999 1860 1141 1931 possunt,
1157 1858 1189 1911 et
1202 1867 1286 1910 novo
1300 1843 1449 1910 alimento
1462 1867 1516 1910 ac-

223 1977 327 2021 censae
350 1974 411 2040 pro
437 1955 532 2019 stellis
557 1955 646 2020 novis
669 1953 788 2018 haberi.
834 1953 942 2037 Hujus
967 1953 1093 2039 generis
1119 1963 1192 2016 sunt
1217 1951 1316 2017 stellae
1336 1952 1420 2031 fixae,
1445 1975 1517 2040 quae

223 2065 329 2130 subito
344 2076 505 2149 apparent,
522 2077 554 2130 et
567 2065 625 2128 sub
644 2063 734 2127 initio
748 2060 843 2150 quim
857 2060 994 2126 maxime
1010 2061 1186 2145 splendent,
1209 2072 1241 2125 et
1254 2059 1386 2124 subinde
1408 2062 1517 2144 paula·

223 2175 281 2238 tim
295 2184 491 2238 evanescunt.
537 2172 624 2237 Talis
638 2172 697 2236 fuit
712 2171 801 2236 stella
815 2171 849 2235 in
863 2169 1012 2236 cathedris
1030 2168 1221 2254 Cassiopeiae
1238 2190 1332 2254 qnam
1348 2168 1515 2235 Cornelius

227 2280 362 2346 Gemma
376 2291 486 2344 octavo
502 2278 691 2344 Novembris
704 2283 800 2355 1572,
823 2276 988 2341 lustrando
1001 2275 1088 2340 illam
1102 2274 1174 2339 coeli
1194 2286 1315 2358 partem
1325 2286 1419 2338 nocte
1432 2297 1517 2340 sere·

224 2388 264 2453 ni
289 2388 417 2453 minime
441 2387 536 2464 vidit3
567 2400 599 2452 at
624 2400 717 2452 nocte
738 2386 883 2472 proximis
911 2385 1080 2472 (Novemb
1105 2385 1150 2467 9.)
1172 2384 1250 2448 vidit
1274 2383 1346 2449 fixis
1369 2384 1516 2483 omnibus

224 2496 482 2581 splendidiorem,
498 2510 531 2562 et
544 2497 614 2575 luce
629 2497 684 2561 sud
699 2497 753 2561 vix
768 2497 930 2562 cedentem
946 2496 1074 2561 Veneri.
1103 2578 1104 2585 ἵ
1120 2495 1217 2560 Hanc
1232 2493 1346 2580 Tycho
1360 2494 1516 2559 Brahaeus

223 2605 302 2669 vidit
317 2605 483 2670 undecimo
498 2605 636 2692 ejusdem
651 2606 767 2670 mensis
782 2606 838 2671 ubi
858 2605 994 2671 maxime
1010 2604 1189 2690 splenduit3
1211 2616 1243 2668 et
1258 2627 1298 2668 ex
1313 2627 1352 2670 eo
1369 2619 1516 2689 tempore

223 2712 372 2794 paulatim
386 2711 618 2777 decrescentem
633 2723 664 2776 et
679 2712 780 2797 spatio
788 2711 943 2777 mensium
954 2712 1113 2777 sexdecim
1124 2723 1359 2776 evanescentem
1368 2712 1515 2776 observa·

191 2817 276 2881 'vit
308 2818 422 2883 Mense
437 2816 621 2895 Novembri,
638 2818 693 2882 ubi
706 2816 844 2904 primirm
858 2819 1013 2905 appanrit,
1031 2820 1188 2883 Venerem
1202 2818 1272 2882 luce
1287 2817 1344 2882 susi
1359 2819 1513 2905 aequabat.

224 2921 340 2992 Mense
362 2923 533 2991 Decembri
556 2923 701 2990 nonnihil
726 2923 880 2992 muta
903 2925 1017 2992 lovem
1041 2945 1168 3012 aequare
1192 2924 1367 2990 videbatur.
1415 2925 1513 2990 Anno

224 3120 231 3129 '
253 3083 352 3190 0174.
364 3119 377 3146 ·
386 3118 423 3164 Sic
433 3117 503 3164 ctiam
513 3117 650 3184 aelhefire.
681 3115 722 3164 De
732 3115 851 3167 stellamm
882 3116 1030 3179 aporiamus
1043 3113 1105 3167 circi
1118 3115 1208 3167 atellam
1223 3131 1378 3179 compressam
1396 3115 1514 3165 revolvere

219 3180 385 3227 variationibus
401 3179 515 3228 nonnulla
530 3181 569 3228 hic
579 3179 703 3229 afferrem
713 3195 766 3242 qaia
781 3181 851 3228 babet
881 3180 999 3243 planetam
1010 3181 1113 3245 aliquam
1123 3181 1227 3243 ingentis
1237 3181 1475 3227 molisautcometem
1486 3181 1512 3226 ln
1599 3231 1601 3234 y

220 3242 306 3290 clariss
322 3244 355 3291 D.
365 3243 395 3289 de
408 3240 587 3304 Maupertuisi'n
597 3244 683 3292 eximio
693 3244 853 3307 Opuscnlode
883 3243 959 3294 orbiti
974 3245 1042 3293 raldo
1057 3243 1188 3292 exeentrica
1202 3243 1266 3292 etad
1283 3253 1424 3306 sequatorern
1439 3242 1512 3291 stellae

222 3306 317 3368 Figuris
335 3308 460 3354 Astromm
476 3307 541 3355 etin
557 3308 626 3356 Mon·
640 3309 713 3357 Paris.
730 3323 768 3356 an.
782 3313 850 3357 173⁴.
883 3308 1009 3364 inclinem
1034 3306 1060 3353 iu
1079 3307 1123 3355 bic
1139 3308 1203 3354 enim
1219 3307 1349 3369 hypothesi,
1371 3307 1464 3367 planeta
1481 3305 1512 3353 ad

222 3371 299 3425 Fixus,
317 3385 370 3432 qua
386 3381 442 3418 sunt
460 3371 557 3421 totidem
578 3372 650 3426 Soles,
669 3373 738 3419 variis
752 3371 849 3418 donatas
879 3370 1018 3431 perihelium
1026 3385 1096 3418 suum
1104 3371 1216 3419 accedens
1223 3369 1440 3433 juxtiattractionis
1449 3370 1512 3432 leges

220 3449 270 3482 esse
283 3433 364 3496 figuris
379 3444 403 3482 et
413 3451 443 3482 ex
456 3435 485 3481 iis
496 3435 586 3497 aliquas
596 3436 627 3483 ad
637 3435 739 3497 figuram
754 3434 848 3495 planam
879 3434 1055 3482 inclinationem
1063 3433 1116 3482 flxae
1123 3435 1200 3496 planae
1207 3435 1356 3495 perturbabit,
1364 3443 1388 3480 et
1398 3434 1453 3480 hinc
1460 3433 1511 3480 fleri

220 3497 257 3545 rel
275 3498 395 3558 planitiem
413 3499 521 3546 accedere
536 3515 585 3546 non
600 3507 723 3562 repugnat.
759 3499 849 3547 Naana
878 3498 965 3561 poterit
980 3508 1008 3546 nt
1022 3498 1292 3559 partemlucidamdisci
1308 3497 1375 3545 uobis
1390 3499 1508 3544 obversam

220 3561 348 3620 spbaeroide
358 3562 525 3636 propemodum
537 3563 648 3622 sphaerico
658 3576 700 3623 per
713 3562 849 3627 innumeros
879 3563 1057 3624 conspiciamus,
1068 3578 1121 3625 quae
1132 3565 1163 3609 ob
1173 3563 1284 3625 exiguam
1298 3561 1376 3609 lateris
1387 3562 1511 3622 compressi

220 3625 851 3749 ndnlffl‘ttlldtttldstttlz
881 3626 1511 3755 {milalltltffiltntltnbnis

219 3752 279 3800 ratio
290 3747 326 3800 ita
340 3752 478 3815 ceutrifugre
494 3752 525 3800 ad
543 3753 687 3816 gravimem,
703 3763 731 3801 ut
744 3762 808 3815 patet
821 3768 851 3801 ex
883 3764 932 3802 tam
942 3764 1098 3818 oongmgetur
1108 3753 1211 3801 annulus
1223 3753 1317 3801 Saturni
1323 3752 1412 3800 annulo
1420 3752 1510 3807 similis,

220 3832 286 3864 num.
300 3821 340 3867 56.
375 3816 424 3864 His
442 3816 529 3878 podria,
546 3818 607 3866 ratio
620 3817 690 3866 reddi
709 3819 793 3881 poterit
809 3834 852 3866 cur
883 3818 994 3880 sinempe
1002 3828 1092 3866 cometa
1100 3819 1167 3882 cujus
1175 3818 1250 3865 cunda
1258 3817 1416 3878 exvapon'nus
1423 3817 1511 3864 tenuis-

220 3880 274 3928 dra
284 3879 392 3944 quadam
402 3895 467 3927 nuuc
476 3890 610 3942 appareant,
627 3897 691 3930 nunc
705 3893 850 3940 evanescant,
882 3883 947 3930 simis
958 3893 1015 3929 astu
1027 3882 1087 3930 Solis
1097 3882 1122 3929 iu
1133 3881 1245 3943 perihelio
1254 3881 1348 3930 elevatis
1355 3881 1510 3942 componitur,

220 3960 263 3992 cur
284 3953 389 3994 mutetur
415 3959 529 4006 apparens
552 3945 674 3994 stellarum
695 3946 851 4008 quarumdam
882 3947 1040 4007 adplenetam
1051 3947 1153 4009 aliquem
1163 3943 1266 3994 maxime
1276 3955 1395 4006 potentem
1404 3942 1510 4006 proxime

219 4009 366 4084 magnitudo,
388 4024 432 4056 nec
454 4024 502 4056 uon
523 4011 594 4087 etiam
615 4025 658 4058 cur
674 4011 747 4086 stellae
765 4011 850 4073 aliqua
881 4011 1007 4086 accederet·
1041 4011 1092 4059 Hic
1110 4011 1174 4058 enim
1193 4025 1306 4072 vaporum
1323 4020 1413 4058 torrens
1427 4019 1511 4084 annac:

218 4075 851 4199 tltmtntnnnlnntlsllffiffl
881 4084 955 4186 titt
963 4074 1218 4203 Wlfflin
1226 4073 1287 4187 ⁶12⁰}
1301 4073 1512 4200 tinnienti

219 4199 296 4248 lamm
318 4215 417 4247 numero
433 4203 577 4262 reperiantur
595 4203 680 4264 alique
702 4203 733 4250 sd
749 4202 850 4264 figuram
881 4203 942 4250 foret
956 4202 1035 4263 ipsum
1050 4201 1416 4266 quoquecorpuscometaecircd
1432 4201 1512 4262 plane-

219 4263 314 4323 planam
324 4264 469 4326 accedentes,
484 4267 532 4314 illra
542 4267 599 4314 dum
611 4266 695 4314 faeiem
706 4283 773 4314 suam
784 4267 851 4314 uobis
881 4277 930 4314 tam
952 4267 1002 4327 rapi
1023 4276 1048 4315 et
1069 4267 1103 4321 sic
1123 4267 1217 4328 planeta
1232 4267 1356 4316 satellitem
1374 4267 1510 4328 acquireret.

219 4330 349 4386 obvertunt,
372 4330 515 4390 sphaerarum
533 4332 607 4381 instar
626 4333 778 4392 apparebunt.
824 4330 849 4378 Si
884 4332 1079 4379 Haberetautem
1089 4330 1183 4393 planeta
1191 4332 1375 4380 satellitemaiue
1385 4330 1481 4387 annulo,
1492 4329 1520 4376 si'

154 4435 157 4440 .
220 4402 300 4440 aarum
310 4403 417 4454 respectu
425 4393 498 4439 nostri
508 4395 579 4444 sinim
588 4410 658 4443 suum
667 4403 767 4450 mutent,
775 4394 850 4456 magis
881 4405 972 4442 comem
982 4395 1146 4443 destitueretur
1155 4393 1238 4452 caudi,
1255 4395 1297 4442 sed
1308 4394 1431 4458 adjicietur
1441 4395 1512 4441 etiam

219 4456 257 4503 vel
273 4456 353 4504 minua
368 4456 488 4504 stellarum
498 4457 592 4506 illarum
603 4459 713 4521 splendor
724 4458 848 4517 decrescet,
881 4459 991 4513 annulus,
1008 4459 1028 4506 si
1044 4469 1135 4507 cometa
1145 4460 1369 4514 caudambabuerit,
1386 4457 1456 4522 atque
1469 4474 1512 4505 an-
1611 4515 1613 4517 ¹

219 4530 288 4580 prout
299 4518 344 4568 hoc
354 4520 391 4568 vel
405 4521 447 4567 illo
457 4520 528 4568 modo
539 4537 588 4570 sese
599 4523 665 4570 nobis
676 4522 804 4577 ostendent,
822 4539 850 4570 ac
882 4523 954 4571 nulus
968 4523 1043 4571 aderit
1058 4523 1108 4571 sine
1122 4524 1228 4580 satellite,
1243 4521 1262 4570 si
1278 4523 1353 4572 cauda
1369 4523 1484 4571 duntaxat
1498 4538 1513 4568 a

218 4585 314 4632 taudem
325 4585 417 4648 saigure
427 4585 537 4632 crassitiei
553 4586 615 4633 latus
628 4587 853 4636 exhibeantetsatis
882 4585 977 4647 planeta
997 4589 1132 4636 attralvatur.
1168 4589 1231 4635 Hac
1251 4598 1307 4635 sunt
1323 4603 1376 4651 quoe
1394 4587 1424 4635 ad
1448 4588 1512 4632 hunc

219 4647 290 4728 lonpe
300 4664 314 4696 a
325 4650 392 4696 nobis
402 4649 495 4705 distent,
507 4651 640 4709 conspectui
652 4662 732 4698 nostro
743 4666 792 4698 sese
800 4667 852 4697 om·
886 4651 997 4698 Newtoni
1013 4651 1092 4700 lenum
1108 4649 1224 4712 precipue
1236 4653 1385 4709 referuntur;
1403 4659 1512 4697 caeterum

220 4711 277 4760 nitro
287 4713 427 4763 subducent.
453 4713 583 4770 Quomodd
594 4723 673 4762 autem
682 4714 736 4762 fixe
746 4725 852 4777 respectu
883 4716 908 4762 in
920 4715 1021 4764 laudatis
1035 4717 1155 4778 opusculis
1165 4716 1337 4779 elegantissima
1348 4725 1404 4764 sunt
1416 4715 1513 4763 Proble-

221 4777 292 4824 uostri
303 4779 440 4839 positionem
451 4792 519 4826 suam
529 4787 629 4836 mutent,
642 4779 754 4840 explicari
769 4788 852 4841 potest,
884 4790 947 4828 mata
957 4795 1010 4843 quae
1021 4779 1126 4828 romulu
1135 4780 1215 4837 lector.
1561 4776 1567 4783 ⁵

204 4994 222 5027 1
