3374 5774
110 445 221 511 Lrnnn
237 378 420 527 Tannus]
468 443 709 511 PRINCIPIA
731 443 1101 512 MATHEMATICA.
1235 450 1244 457 “
1331 458 1390 517 aot

107 617 187 684 nihil
208 617 325 701 patitur
346 638 388 681 ex
409 636 578 700 corporum
593 614 752 679 motibus:
773 614 827 679 illa
848 614 966 679 nullam
981 617 1118 681 sentiunt
1133 618 1338 682 resistentiam
1352 643 1393 685 ex

109 722 360 809 omnipraesentit
390 722 450 788 dei.
510 723 619 788 Deum
647 744 804 786 summum
831 723 1006 787 necessarii)
1035 726 1167 790 existere
1192 727 1226 790 in
1250 727 1393 792 confesso

109 846 173 899 est:
203 846 235 899 et
262 833 372 899 ehdem
400 832 584 898 necessitate
612 855 725 915 semper
754 845 801 898 est
829 845 862 896 et
889 834 1006 917 ubique.
1070 834 1166 899 Unde
1191 836 1284 900 etiam
1308 848 1393 901 totus

109 953 156 1007 est
170 943 219 1006 sui
236 943 353 1022 similis,
376 954 461 1007 totus
482 942 601 1019 oculus,
618 953 702 1006 totus
723 943 817 1020 auris,
833 955 917 1008 totus
933 944 1106 1022 cerebrum,
1122 957 1204 1010 totus
1219 944 1391 1024 brachium,

107 1059 194 1113 totus
213 1049 261 1114 vis
282 1048 446 1126 sentiendi,
476 1049 681 1135 intelligendi,
703 1061 736 1113 et
756 1049 880 1136 agendi,
906 1050 963 1114 sed
983 1072 1071 1115 more
1092 1053 1219 1130 minime
1241 1053 1391 1131 humano,

107 1179 196 1222 more
223 1155 352 1221 minime
388 1178 552 1242 corporeo,
587 1179 676 1223 more
704 1157 797 1222 nobis
830 1178 959 1241 prorsus
987 1159 1156 1247 incognito.
1216 1160 1264 1228 Ut
1291 1184 1393 1226 coecus

107 1288 172 1331 non
193 1267 289 1332 habet
309 1267 412 1331 ideam
428 1268 578 1347 colorum,
600 1268 644 1332 sic
663 1289 721 1332 nos
743 1268 846 1332 ideam
866 1290 931 1332 non
952 1270 1102 1335 habemus
1123 1272 1301 1351 modorum,
1325 1275 1394 1359 qui·

107 1376 167 1440 bns
192 1378 271 1442 deus
299 1378 545 1462 sapientissimus
570 1378 663 1442 sentit
686 1390 718 1442 et
745 1377 890 1466 intelligit
914 1381 1029 1445 omnia.
1082 1380 1225 1464 Corpore
1247 1383 1333 1445 omni
1362 1392 1396 1448 et

108 1481 211 1569 figuris
234 1483 386 1568 eorpored
407 1507 538 1569 prorsus
558 1484 748 1562 destituitur,
770 1485 904 1571 ideoque
925 1485 1025 1551 videri
1044 1508 1108 1550 non
1130 1498 1243 1572 potest,
1265 1510 1324 1553 nec
1338 1511 1394 1553 au·

108 1590 180 1669 diri,
203 1613 262 1656 nec
284 1593 381 1679 tangi,
404 1615 464 1657 nec
484 1593 542 1657 sub
563 1594 667 1678 specie
687 1595 733 1658 rei
754 1594 885 1679 alicujus
899 1617 1059 1680 corporeae
1074 1597 1134 1660 coli
1155 1597 1257 1662 debet.
1301 1597 1395 1662 Ideas

106 1695 258 1762 habemus
279 1700 498 1763 attributorum
518 1701 596 1785 ejus,
619 1701 675 1765 sed
696 1701 772 1787 quid
794 1703 835 1765 sit
857 1703 903 1766 rei
924 1703 1054 1787 alicujus
1076 1704 1247 1768 substantia
1265 1703 1393 1768 minime

107 1805 334 1890 cognoscimus.
389 1806 539 1870 Videmus
562 1805 684 1870 tantdm
708 1829 875 1891 corporum
898 1807 1017 1894 figuras
1041 1820 1073 1872 et
1095 1809 1224 1888 colores,
1251 1810 1395 1874 audimus

107 1911 230 1978 tantum
251 1936 356 1991 sonos,
383 1914 540 1998 tangimus
564 1912 688 1977 tannim
713 1915 892 2004 superficies
914 1928 1069 1994 externas,
1096 1918 1259 1987 olfacimus
1282 1919 1394 1984 odores

107 2019 202 2096 solos,
219 2032 251 2084 et
264 2030 425 2106 gustamus
439 2040 585 2103 sapores:
607 2019 732 2083 intimas
746 2020 933 2085 substantias
946 2022 1035 2085 nullo
1050 2045 1153 2101 sensu,
1171 2023 1257 2087 nulla
1273 2027 1396 2090 actione

106 2127 223 2210 reflexi
248 2127 484 2216 cognoscimus;
515 2126 672 2192 etmulti)
697 2124 800 2191 mimis
822 2126 927 2191 ideam
950 2126 1102 2193 habemus
1126 2130 1309 2194 substantiae
1332 2131 1395 2196 dei.

108 2234 210 2299 Hunc
232 2233 449 2321 cognoscimus
471 2232 667 2298 solummodo
688 2254 745 2317 per
759 2232 964 2317 proprietates
979 2234 1044 2318 ejus
1059 2246 1090 2298 et
1104 2235 1261 2312 attributa,
1285 2247 1316 2300 et
1337 2257 1396 2320 per

106 2341 348 2427 sapientissimas
363 2352 395 2405 et
408 2339 541 2424 optimas
555 2361 661 2404 rerum
675 2351 844 2405 structuras
859 2352 890 2403 et
904 2360 1011 2404 causas
1027 2340 1146 2419 hitales,
1159 2353 1191 2406 et
1204 2341 1396 2407 admiramur

110 2451 152 2514 ob
172 2447 379 2534 perfectiones
386 2471 396 2523 ;
422 2466 608 2511 veneramur
628 2456 732 2510 autem
755 2458 787 2511 et
809 2445 939 2509 colimus
961 2446 1003 2510 ob
1024 2446 1207 2513 dominium.
1254 2449 1396 2514 Colimus

108 2557 192 2624 enim
213 2567 249 2620 ut
270 2554 363 2632 servi,
385 2564 417 2619 et
432 2552 510 2618 deus
525 2553 592 2618 sine
605 2551 754 2630 dominio,
769 2551 976 2635 providentia,
999 2565 1031 2617 et
1045 2555 1143 2618 causis
1158 2555 1304 2620 finalibus
1318 2556 1397 2620 nihil
1412 2574 1422 2585 ‘

107 2662 193 2728 aliud
215 2672 263 2727 est
284 2657 378 2747 qudm
399 2658 499 2724 satum
512 2671 545 2723 et
557 2668 680 2725 natura.
724 2658 755 2722 A
778 2655 862 2724 caca
875 2659 1058 2724 necessitate
1078 2662 1300 2747 metaphysica,
1323 2685 1396 2749 quse

106 2772 214 2857 utique
235 2771 344 2836 eadem
365 2781 415 2835 est
435 2791 559 2855 semper
580 2782 612 2833 et
633 2768 758 2856 ubique,
781 2767 868 2831 nulla
888 2768 988 2832 oritur
1008 2790 1113 2833 rerum
1126 2771 1266 2836 variatio.
1311 2770 1395 2837 Tota
1453 2812 1455 2816 ,

107 2900 214 2943 rerum
235 2877 433 2942 conditarum
452 2898 513 2960 pro
533 2875 610 2940 locis
624 2898 660 2939 ac
675 2874 869 2959 temporibus
883 2874 1056 2953 diversitas,
1072 2876 1113 2943 ab
1127 2876 1215 2954 ideis,
1239 2889 1270 2941 et
1285 2876 1396 2941 volun·

107 2997 172 3049 tate
194 2985 276 3049 entis
296 2981 472 3048 necessario
494 2981 654 3047 'existentis
677 2982 873 3046 solummodo
896 2981 972 3045 oriri
992 2982 1104 3067 potuit.
1149 2984 1276 3048 Dicitur
1290 2998 1395 3048 autem

108 3093 186 3157 deus
207 3115 265 3177 per
287 3092 470 3179 allegoriam
491 3091 606 3169 videre,
630 3092 747 3169 audire,
770 3092 867 3178 loqui,
891 3092 1004 3170 ridere,
1031 3116 1144 3170 amare,
1171 3094 1244 3156 odio
1266 3093 1393 3170 habere,

107 3223 232 3285 cupere,
249 3201 334 3278 dare,
352 3200 503 3283 accipere,
519 3199 667 3287 gaudere,
683 3201 783 3278 irasci,
800 3223 952 3288 pugnare,
968 3199 1130 3278 fabricare,
1153 3197 1297 3278 condere,
1321 3224 1395 3266 con-

106 3319 236 3372 struere.
282 3306 366 3371 Nam
388 3328 492 3370 sermo
514 3307 615 3371 omnis
636 3307 677 3369 de
698 3306 759 3371 deo
773 3329 792 3368 a
806 3307 899 3368 rebus
919 3305 1062 3368 humanis
1083 3327 1141 3389 per
1162 3306 1396 3371 similitudinem

113 3417 249 3502 aliquam
264 3415 447 3493 desumitur,
462 3437 527 3478 non
542 3413 710 3498 perfectam
724 3413 860 3498 quidem,
877 3413 932 3476 sed
946 3413 1111 3499 aliqualem
1125 3427 1242 3478 tamen.
1270 3415 1313 3480 Et
1326 3416 1396 3480 haec

108 3523 148 3588 de
163 3525 246 3600 Deo,
263 3522 303 3586 de
318 3545 381 3609 quo
395 3522 501 3608 utique
516 3542 557 3584 ex
570 3519 786 3606 phaenomenis
797 3519 957 3598 disserere,
970 3518 1011 3582 ad
1025 3519 1255 3605 philosophiam
1269 3533 1395 3584 natura-

106 3631 169 3695 lem
183 3631 328 3715 pertinet.

165 3739 331 3803 Hactenus
356 3734 563 3820 phaenomena
587 3732 738 3797 coelorum
763 3745 794 3796 et
819 3731 914 3796 maris
938 3731 1037 3796 nostri
1059 3754 1117 3816 per
1141 3732 1204 3795 vim
1233 3733 1394 3820 gravitatis

106 3844 248 3928 exposui,
266 3841 322 3906 sed
336 3863 462 3905 causam
476 3839 637 3928 gravitatis
651 3839 793 3904 nondum
808 3839 971 3925 assignavi.
1018 3838 1129 3903 Oritur
1143 3839 1252 3924 utique
1266 3839 1335 3902 haec
1349 3841 1395 3903 vis

107 3975 127 4016 a
148 3952 241 4016 causti
263 3951 377 4038 aliqua,
401 3973 472 4036 quae
493 3947 636 4036 penetrat
651 3951 691 4014 ad
706 3972 804 4023 uscue
820 3961 926 4012 centra
944 3947 1026 4012 Solis
1048 3961 1079 4010 et
1100 3947 1306 4032 planetarum,
1330 3949 1396 4012 sine

106 4062 229 4126 virtutis
245 4061 469 4136 diminutione3
493 4081 625 4146 quaeque
640 4072 706 4146 agit
719 4081 784 4122 non
798 4081 858 4143 pro
873 4056 1044 4143 quantitate
1058 4058 1278 4140 superficierum
1299 4058 1396 4141 parti·

108 4170 259 4248 cularum,
282 4172 316 4233 in
337 4193 414 4256 quas
436 4170 502 4257 agit
524 4174 573 4253 (ut
596 4169 697 4232 solent
719 4190 822 4231 causae
842 4166 1044 4246 mechanicae)
1068 4166 1121 4229 sed
1144 4185 1203 4250 pro
1226 4169 1396 4252 quantitate

105 4280 246 4342 materiae
267 4281 372 4342 aalide
383 4315 395 4353 ,·
420 4291 452 4342 et
473 4280 560 4363 cujus
584 4278 666 4341 actio
687 4277 720 4339 in
740 4278 907 4340 immensas
923 4275 1083 4338 distantias
1098 4275 1238 4361 undique
1254 4278 1395 4341 extendi·

107 4399 168 4464 tur,
191 4388 400 4450 decrescendo
416 4409 538 4472 semper
559 4387 593 4449 in
614 4385 771 4470 duplicati
787 4386 907 4448 ratione
922 4385 1147 4449 distantiarum.
1196 4387 1341 4451 Gravitas
1362 4387 1396 4450 in

15 4478 17 4483 ¹
108 4496 214 4562 Solem
236 4498 434 4581 componitur
456 4521 495 4561 ex
518 4497 721 4584 gravitatibus
742 4497 776 4559 in
799 4492 935 4581 singulas
953 4494 1034 4559 Solis
1055 4495 1233 4578 particulas,
1258 4509 1288 4560 et
1309 4518 1396 4560 rece-

108 4604 214 4671 dendo
239 4630 257 4670 a
286 4608 359 4674 Sole
374 4607 527 4672 decrescit
552 4605 695 4671 accurate
718 4607 751 4669 in
778 4604 934 4690 duplicati
965 4605 1082 4669 ratione
1111 4606 1324 4670 distantiarum
1356 4606 1396 4670 ad
