3374 5774
85 465 388 545 LrnnnTnnrrus.]
414 465 655 531 PRINCIPIA
679 466 1048 532 MATHEMATICA.
1301 478 1364 537 117

85 655 205 696 summa
234 631 454 717 quadratorum
483 652 523 694 ex
552 631 669 694 sinibus
699 632 843 710 omnibus
864 632 906 696 N
931 633 972 696 M
997 634 1123 717 aequalis
1150 637 1208 700 erit
1236 642 1364 700 summae

86 737 307 823 quadratorum
329 758 370 800 ex
391 736 507 799 sinibus
534 735 566 798 K
589 735 638 812 M,
665 748 697 799 et
718 759 837 799 summa
858 748 988 823 utraque
1009 740 1135 823 aequalis
1157 743 1216 806 erit
1236 766 1364 807 summae

88 846 307 937 quadratorum
329 867 369 907 ex
385 843 515 906 totidem
530 842 779 912 semi-diametris
796 843 829 906 K
845 843 895 918 N;
918 844 1049 930 ideoque
1064 869 1184 909 summa
1198 849 1363 932 quadrato-

86 972 220 1015 rumex
243 950 385 1012 omnibus
409 948 442 1011 N
466 948 505 1011 M
529 949 589 1011 erit
603 947 700 1030 duplo
714 949 816 1011 minor
830 947 923 1033 qudm
948 962 1067 1013 summa
1081 953 1303 1037 quadratorum
1324 977 1364 1018 ex

86 1058 215 1123 totidem
230 1054 478 1119 semi-dimnetris
496 1053 528 1116 K
543 1052 585 1116 N.

129 1164 201 1227 Jam
216 1161 371 1225 dividatur
384 1159 551 1247 perimeter
565 1158 673 1220 circuli
694 1158 725 1221 A
740 1159 769 1221 E
790 1158 824 1220 in
842 1159 1008 1242 particulas
1023 1162 1152 1226 totidem
1166 1165 1310 1248 aequales,
1333 1177 1365 1229 et

87 1270 127 1331 ab
142 1289 249 1331 earum
262 1287 446 1350 unaquaque
463 1264 544 1327 Fad
558 1264 686 1347 planum
709 1262 788 1337 QR
809 1263 987 1328 demittatur
1001 1268 1255 1350 perpendiculum
1278 1270 1362 1349 FG,

89 2529 124 2579 ut
139 2529 170 2581 et
184 2542 203 2582 a
216 2533 333 2603 puncto
348 2523 379 2586 A
393 2522 651 2608 perpendiculum
666 2523 698 2585 A
713 2521 760 2585 H.
805 2522 848 2585 Et
861 2522 917 2598 vis,
933 2520 993 2606 quai
1008 2520 1160 2604 particula
1176 2520 1203 2582 F
1217 2520 1333 2583 recedit
1353 2542 1372 2583 a

90 2624 184 2707 plano
207 2628 240 2703 Q
256 2629 296 2707 R,
321 2632 379 2694 erit
392 2644 428 2695 ut
442 2632 699 2716 perpendiculum
713 2629 790 2693 illud
809 2630 836 2692 F
853 2630 884 2694 G
905 2652 963 2713 per
977 2628 1173 2714 hypothesin,
1199 2640 1230 2690 et
1244 2626 1312 2690 hoec
1326 2626 1371 2689 vis

92 2731 185 2797 ducta
199 2735 232 2797 in
247 2736 424 2801 distantiam
440 2740 469 2803 C
485 2741 518 2803 G
541 2741 579 2823 (¹¹)
603 2740 661 2802 erit
675 2739 810 2802 efficacia
823 2737 983 2823 particulae
1005 2738 1033 2800 F
1054 2737 1095 2800 ad
1110 2737 1240 2801 Terram
1257 2734 1373 2799 circum

93 2853 233 2902 centrum
248 2843 313 2925 ejus
328 2844 580 2909 convertendam.
626 2844 764 2928 Ideoque
778 2843 914 2907 efficacia
927 2843 1086 2926 particule
1107 2843 1139 2904 in
1162 2843 1231 2904 loco
1254 2840 1291 2915 F,
1315 2839 1373 2902 erit

93 2944 132 3007 ad
148 2946 314 3010 efficaciam
324 2950 484 3033 particulae
499 2952 532 3013 in
546 2951 616 3014 loco
630 2951 671 3027 A,
688 2961 723 3012 ut
738 2949 766 3011 F
778 2949 811 3012 G
831 2963 856 3014 Χ
875 2949 947 3013 GC
962 2949 1003 3011 ad
1017 2948 1049 3011 A
1061 2947 1099 3011 H
1116 2963 1142 3015 Χ
1161 2947 1198 3010 Η
1211 2948 1248 3023 C,
1262 2947 1301 3029 (¹)
1312 2945 1374 3008 hoc

94 3065 148 3132 est,
165 3068 200 3118 ut
215 3056 243 3118 F
259 3057 287 3120 C
302 3080 323 3142 q
337 3057 377 3122 ad
393 3060 424 3123 A
441 3059 469 3122 C
484 3082 521 3144 q;
544 3062 577 3122 et
588 3069 754 3142 propterea
768 3056 902 3120 efficacia
916 3068 982 3120 tota
994 3054 1217 3140 particularum
1234 3053 1374 3116 omnium

93 3160 127 3222 in
150 3161 225 3226 locis
251 3164 313 3227 suis
339 3166 366 3228 F
391 3166 449 3230 erit
474 3166 514 3229 ad
537 3166 703 3230 efficaciam
723 3163 946 3248 particularum
966 3165 1096 3228 totidem
1121 3164 1155 3226 in
1178 3165 1248 3226 loco
1273 3161 1313 3237 A,
1338 3170 1375 3222 ut

95 3291 216 3332 summa
230 3272 369 3335 omnium
385 3273 412 3335 F
428 3274 456 3337 C
471 3297 492 3358 q
513 3274 554 3337 ad
575 3295 727 3337 summam
742 3272 871 3335 totidem
887 3272 919 3335 A
935 3271 1008 3357 Clq,
1029 3271 1090 3333 hoc
1105 3282 1151 3334 est
1174 3276 1243 3355 (per
1258 3269 1296 3353 (³)
1307 3269 1374 3351 jam

68 3416 72 3423 ·
93 3378 314 3459 demonstrata)
329 3390 365 3442 ut
378 3401 477 3442 unum
491 3380 532 3442 ad
547 3378 620 3442 duo.
666 3378 707 3452 Q.
724 3400 750 3440 e.
766 3376 797 3439 d.

138 3485 181 3547 Et
195 3487 341 3577 quopiam
355 3487 515 3572 particulae
531 3498 627 3574 agunt
640 3484 817 3550 recedendo
833 3482 1126 3569 perpendiculariter
1140 3505 1159 3544 a
1174 3480 1268 3563 plano
1284 3479 1316 3553 Q
1333 3478 1374 3552 R,

18 3591 22 3597 ’
94 3590 188 3674 idque
202 3592 361 3676 aequaliter
374 3593 414 3656 ab
428 3591 559 3677 utrique
573 3589 661 3676 parte
682 3590 776 3675 hujus
790 3591 894 3675 plani:
918 3589 1036 3653 eaedem
1050 3596 1230 3653 convertent
1244 3585 1376 3649 circum·
1505 3580 1512 3593 ’

94 3695 255 3760 ferentiam
270 3698 376 3763 circuli
390 3699 566 3783 aequatoris,
590 3699 679 3784 eique
693 3696 897 3761 inhaerentem
913 3697 1055 3772 Terram,
1078 3694 1193 3758 circum
1208 3713 1297 3755 axem
1312 3701 1376 3754 tam

97 3811 128 3871 in
141 3809 236 3892 plano
251 3809 305 3872 illo
321 3809 353 3885 Q
371 3809 401 3872 R
416 3807 508 3894 quim
522 3808 555 3872 in
568 3800 664 3893 plano
677 3807 842 3893 aequatoris
852 3808 1015 3891 jacentem.

620 3979 795 4045 LEMMA
818 3980 863 4043 IL

98 4153 208 4215 Iisdem
223 4157 355 4235 positis:
377 4157 444 4218 dico
457 4151 583 4218 searadd
596 4157 675 4238 quod
694 4155 739 4217 vis
754 4161 782 4215 e!
797 4153 928 4240 ffcrcia
943 4159 1006 4212 tota
1021 4149 1238 4231 particulam
1253 4146 1379 4208 omnium

142 4267 227 4320 extra
238 4261 354 4342 globum
367 4262 498 4344 undique
509 4263 643 4335 sitarum,
657 4262 700 4322 ad
717 4259 843 4321 Terram
857 4259 964 4320 circum
977 4276 1062 4317 arem
1075 4256 1197 4317 eundem
1210 4253 1378 4325 rotondum,

141 4366 183 4427 sit
197 4366 240 4427 cd
251 4368 309 4429 vim
323 4378 415 4430 totam
426 4369 647 4450 panicularum
661 4368 792 4441 totidem,
816 4365 849 4425 in
864 4362 1025 4446 aquatoris
1038 4361 1147 4424 circulo
1167 4358 1200 4422 A
1212 4359 1244 4420 E
1264 4356 1381 4440 unifor-

100 4533 265 4594 quadratorum
275 4551 304 4584 ex
314 4536 424 4584 omnibus
433 4535 522 4585 sinibus
533 4537 559 4584 N
567 4537 605 4594 M,
622 4533 721 4646 ‘depque
798 4533 833 4595 (⁸)
845 4535 860 4566 θ
873 4531 926 4580 nra
936 4533 1046 4596 efficacia.
1081 4532 1132 4592 (47.
1146 4528 1200 4575 Lm
1214 4526 1251 4586 1.)

624 4615 656 4646 en
694 4615 722 4647 u·

100 4613 193 4645 summa
203 4599 369 4660 quadratorum
379 4615 407 4646 ex
418 4600 528 4647 omnibus
537 4600 562 4647 N
574 4601 611 4656 M,
799 4598 835 4658 (¹)
848 4601 862 4627 ¹
873 4600 925 4644 Hoc
936 4605 975 4653 est,
991 4597 1024 4643 ob
1033 4591 1150 4655 trimssult
1161 4592 1185 4639 Δ
1198 4592 1219 4640 C
1232 4591 1267 4646 Η,
1286 4590 1307 4638 F
1319 4590 1339 4637 C
1352 4588 1383 4645 Ga

101 4660 141 4719 plo
150 4661 227 4708 minor
237 4662 308 4723 quim
318 4661 581 4725 summaquadntorum
589 4677 618 4710 ex
626 4662 722 4711 totid·
767 4658 858 4708 similia.

101 4723 287 4772 aemi-dimetria
300 4726 325 4773 K
340 4725 370 4772 N·
800 4725 835 4789 (l)
848 4729 862 4757 ‘
875 4724 979 4787 Pcrjon
989 4727 1151 4772 demuma.
1185 4717 1266 4784 (1⁵0.)

406 4884 416 4918 Ι
