3374 5774
209 449 510 538 transenna]
537 452 779 518 aurneina
802 451 1173 518 Marnnunrrcn.
1434 459 1496 517 raa
1583 534 1585 538 .
1670 418 1675 437 '

210 625 330 691 circum
344 651 420 693 axes
435 651 519 704 suos,
536 649 606 713 quae
622 648 694 691 cum
707 627 845 692 motibus
860 627 1013 690 vorticum
1025 649 1197 713 congruere
1207 621 1367 703 deberent,
1380 625 1420 689 ab
1431 647 1499 688 om-

207 734 300 799 nibus
321 734 407 800 hisce
427 734 682 821 proportionibus
705 733 892 818 discrepant.
938 732 1049 797 Motus
1071 744 1263 796 cometarum
1285 743 1358 795 sunt
1377 731 1498 797 summe

206 843 377 929 regulares,
404 857 437 908 ct
460 844 586 908 easdem
611 843 697 928 leges
723 863 793 905 cum
818 841 1014 925 planetarum
1037 840 1173 903 motibus
1191 841 1366 917 observant,
1389 852 1420 903 et
1438 862 1497 924 per

207 952 342 1014 vortices
358 952 508 1037 explicari
528 962 697 1037 nequeunt.
744 949 901 1014 Feruntur
916 944 1045 1014 cometae
1059 948 1194 1012 motibus
1208 946 1298 1012 valde
1318 948 1498 1013 eccentricis

207 1059 242 1123 in
257 1083 366 1125 omnes
382 1062 533 1124 coelorum
546 1073 662 1144 partes,
679 1060 764 1146 quod
779 1060 848 1124 fieri
866 1083 929 1124 non
945 1070 1057 1144 potest,
1073 1059 1134 1122 nisi
1149 1059 1281 1122 vortices
1296 1059 1453 1123 tollantur.

238 1168 438 1254 'Projectilia
461 1170 495 1232 in
517 1172 589 1233 aere
604 1181 722 1246 nostro,
746 1169 844 1233 solam
865 1169 944 1232 ae'ris
958 1168 1164 1233 resistentiam
1180 1169 1326 1232 sentiunt
1369 1168 1498 1233 Sublato

206 1278 289 1353 aere,
313 1289 349 1340 ut
369 1277 406 1340 fit
427 1277 461 1339 in
474 1297 574 1339 vacuo
591 1275 756 1362 Boyliano,
780 1275 955 1338 resistentia
975 1286 1083 1352 cessat,
1107 1274 1260 1360 siquidem
1273 1275 1382 1359 pluma
1396 1276 1497 1339 tenuis

208 1386 240 1445 et
254 1382 515 1460 aurumsolidum
530 1382 644 1468 aequali
658 1405 729 1446 cum
744 1382 906 1446 velocitate
920 1383 953 1445 in
967 1382 1028 1446 hoc
1042 1404 1140 1445 vacuo
1156 1381 1281 1445 cadunt.
1326 1383 1370 1446 Et
1383 1406 1441 1467 par
1452 1397 1499 1448 est

206 1493 287 1555 ratio
309 1493 481 1577 spatiorum
503 1493 683 1570 coelestium,
707 1516 777 1580 quac
793 1505 866 1558 sunt
880 1493 975 1578 supre
991 1494 1231 1578 atrnosphaeram
1251 1494 1371 1558 Terroe.
1417 1496 1498 1560 Cor-

207 1602 286 1685 pora
302 1596 407 1664 omnia
421 1601 535 1666 inistis
550 1603 656 1686 spatiis
678 1602 835 1667 liberrime
849 1604 968 1667 moveri
983 1604 1116 1679 debent3
1140 1616 1170 1667 et
1184 1618 1351 1690 propterea
1363 1607 1498 1690 planetae

210 1719 243 1772 et
257 1720 387 1771 cometae
401 1709 435 1772 in
449 1710 577 1773 orbibus
593 1711 696 1795 specie
710 1722 742 1775 et
755 1709 910 1795 positione
920 1710 1000 1773 datis
1013 1710 1184 1774 secundum
1198 1710 1282 1798 leges
1296 1710 1389 1796 supre
1400 1735 1498 1798 expos

207 1818 280 1880 sitas
303 1817 454 1902 perpetue
476 1818 602 1883 revolvi.
649 1820 899 1884 Perseverabunt
913 1819 1041 1905 quidem
1062 1820 1095 1882 in
1110 1821 1238 1885 orbibus
1253 1822 1317 1886 suis
1332 1844 1390 1906 per
1409 1821 1496 1908 leges

206 1923 377 2010 gravitatis,
393 1924 450 1987 sed
463 1925 639 2008 regularem
655 1925 777 1986 orbium
789 1925 882 1986 situm
896 1923 1041 2007 primitiis
1057 1925 1218 2009 acquirere
1231 1947 1288 2009 per
1302 1926 1387 2013 leges
1402 1926 1496 1992 hasce

206 2030 335 2094 minime
350 2042 531 2114 potuerunt.
1211 2107 1213 2113 Ι

251 2140 391 2204 Planetae
406 2132 464 2205 serr¹
475 2143 663 2228 principales
678 2143 879 2207 revolvuntur
894 2142 1012 2207 circum
1028 2142 1133 2208 Solem
1154 2143 1186 2205 in
1200 2142 1323 2206 circulis
1342 2141 1407 2207 Soli
1423 2164 1498 2206 con·

207 2246 360 2324 centricis‚
377 2247 487 2311 eedem
502 2248 605 2334 matris
620 2249 800 2327 directione,
816 2250 848 2311 in
864 2249 976 2312 eodem
990 2249 1085 2332 plano
1101 2248 1347 2334 quamproxime.
1393 2249 1496 2313 Luuae

207 2352 316 2416 decem
337 2353 539 2418 revolvuntur
561 2355 679 2419 circum
701 2354 844 2431 Terram,
868 2355 981 2418 Jovem
995 2368 1026 2417 et
1043 2339 1213 2419 Saturnum
1233 2357 1265 2418 in
1282 2355 1405 2419 circulis
1421 2378 1497 2419 con·

207 2461 360 2539 centricis‚
387 2462 497 2527 eidem
522 2463 624 2528 moths
650 2463 830 2540 directione,
854 2463 887 2524 in
908 2462 1010 2546 planis
1031 2463 1154 2525 orbium
1175 2463 1371 2548 planetarum
1387 2486 1498 2550 quam-

208 2569 362 2653 proxime.
419 2573 458 2656 (ἕ)
487 2573 531 2636 Et
550 2573 584 2636 hi
606 2595 714 2636 omnes
738 2583 842 2635 motus
867 2571 1026 2658 regulares
1052 2571 1205 2658 originem
1226 2595 1290 2636 non
1315 2573 1433 2636 habent
1456 2594 1498 2637 ex

207 2679 307 2744 causis
329 2680 535 2757 mechanicis3
567 2680 722 2766 siquidem
744 2691 874 2744 cometae
894 2680 928 2742 in
951 2679 1078 2743 orbibus
1100 2679 1191 2745 valde
1210 2679 1402 2758 eccentricis,
1418 2681 1498 2745 etin
1583 2750 1586 2755 ,

207 2808 315 2852 onmes
338 2787 488 2852 coelorum
510 2800 615 2873 partes
636 2787 733 2851 libere
755 2787 905 2851 feruntur.
952 2786 1027 2862 Quo
1041 2785 1144 2851 moths
1159 2810 1274 2874 genere
1288 2784 1419 2853 cometoe
1441 2809 1499 2872 per

206 2895 298 2959 orbes
320 2896 517 2980 planetarum
538 2895 699 2961 celerrime
721 2908 753 2960 et
766 2894 911 2960 facillime
926 2907 1097 2972 transeunt,
1119 2907 1151 2959 et
1172 2897 1204 2959 in
1220 2897 1350 2981 apheliis
1365 2898 1427 2961 suis
1443 2897 1498 2961 ubi

208 3005 360 3068 tardiores
382 3016 455 3068 sunt
477 3016 509 3069 et
529 3003 647 3069 diutinis
668 3018 841 3081 morantur,
865 3005 960 3088 quern
974 3002 1154 3090 longissime
1170 3003 1286 3069 distant
1300 3004 1339 3068 ab
1354 3004 1496 3081 invicem,

154 3139 156 3142 ’
206 3125 242 3176 ut
257 3135 290 3176 se
305 3111 415 3175 mutue
430 3110 524 3198 quem
538 3110 667 3175 minime
687 3113 820 3177 trahant.
867 3109 1107 3195 Elegantissime
1120 3109 1226 3174 haecce
1243 3111 1335 3188 Salis,
1357 3111 1498 3195 planeta·

206 3240 278 3282 rum
293 3230 325 3282 et
339 3229 531 3282 cometarum
548 3240 715 3306 compages
730 3240 795 3282 non
809 3219 869 3281 nisi
885 3217 1013 3281 consilio
1029 3229 1061 3280 et
1075 3215 1214 3279 dominio
1229 3216 1307 3302 entis
1322 3215 1498 3302 intelligen-

206 3321 248 3391 tis
261 3338 292 3390 et
305 3326 440 3410 potentis
456 3326 531 3390 oriri
545 3327 655 3411 potuit.
688 3327 731 3390 Et
746 3327 771 3389 si
787 3325 884 3388 stellae
900 3325 974 3386 fixae
989 3323 1050 3385 sint
1065 3334 1170 3385 centra
1186 3321 1331 3385 similium
1348 3335 1498 3409 systema·

206 3447 284 3512 tum,
303 3436 373 3500 haec
388 3437 493 3500 omnia
507 3436 598 3499 simili
614 3434 743 3498 consilio
759 3442 938 3495 constructa
953 3430 1102 3494 suberunt
1122 3431 1218 3493 Unius
1231 3429 1388 3494 dominio:
1412 3452 1494 3514 prae-

207 3543 312 3606 sertim
328 3542 400 3606 crim
415 3543 471 3604 lux
485 3543 621 3605 fixarum
636 3541 675 3602 sit
689 3539 829 3623 ejusdem
843 3549 964 3601 uaturae
978 3559 1014 3600 ac
1028 3536 1084 3598 lux
1101 3535 1192 3614 Solis,
1205 3548 1237 3600 et
1251 3548 1416 3621 systemata
1430 3559 1497 3600 orn·

167 3692 169 3697 «
206 3649 258 3713 nia
282 3649 384 3713 lucem
409 3651 443 3712 in
465 3649 570 3713 omnia
589 3648 721 3711 invicem
746 3645 922 3709 immittant.
968 3644 1011 3707 Et
1031 3665 1072 3706 ne
1093 3643 1228 3706 fixarum
1250 3655 1418 3729 systemata
1438 3632 1496 3728 per
1533 3706 1535 3717 ,

208 3759 390 3844 gravitatem
413 3778 501 3820 suam
523 3757 556 3818 in
577 3778 610 3820 se
632 3754 743 3818 mutue
764 3753 886 3830 cadant,
909 3752 961 3816 hic
976 3753 1084 3816 eadem
1103 3753 1287 3817 immensam
1301 3753 1341 3816 ab
1363 3753 1496 3817 invicem

119 3928 123 3935 ,
207 3864 384 3928 distantiam
402 3864 548 3948 posuerit.

240 4037 275 4102 (Β)
284 4041 296 4068 ·
306 4039 339 4086 Ee
346 4041 453 4087 hicmaer
461 4024 535 4087 naris
543 4042 666 4100 regulares.
687 4037 837 4087 Celeberrimi
868 4037 1013 4095 tribuendae3
1025 4037 1065 4085 sed
1076 4052 1189 4100 maguum
1200 4037 1362 4104 philosophum
1375 4051 1421 4084 non
1430 4037 1496 4084 decet

208 4101 250 4147 viri
271 4102 376 4150 Joannes
396 4113 419 4150 et
442 4102 529 4150 Daniel
551 4103 711 4159 Bernoullius,
733 4103 796 4163 prior
811 4103 836 4148 in
869 4101 1048 4150 admiraculum
1057 4116 1181 4157 recurrere,
1189 4104 1227 4148 ubi
1240 4102 1338 4165 alicujus
1349 4100 1495 4160 phaenomeni

209 4165 311 4226 Physica
332 4166 432 4220 Caelesti
452 4166 564 4227 posterior
583 4168 607 4213 in
628 4167 837 4228 Disquisitionibus
868 4167 980 4227 quaeritur
991 4165 1134 4226 explicatio.)
1169 4166 1292 4227 Numquid
1309 4167 1358 4226 pari
1370 4167 1425 4227 jure
1438 4166 1496 4212 Car-

210 4228 466 4290 Pysico-astronomicis
481 4232 640 4278 mechanicam
656 4233 767 4278 horumce
785 4245 836 4277 mo·
870 4231 985 4278 tesianum
1013 4230 1177 4290 philosophum
1205 4245 1328 4288 possumus
1354 4230 1496 4292 interrogare

208 4301 278 4339 tuum
288 4308 382 4340 causam
393 4308 421 4339 er
432 4295 556 4343 vorticibus
571 4304 686 4356 repetunt.
723 4295 769 4341 Sed
780 4293 836 4341 crim
868 4295 969 4356 quinam
991 4293 1061 4340 causi
1087 4291 1222 4340 mechanici
1244 4293 1340 4340 vortices
1365 4293 1496 4340 secundum

208 4356 348 4404 mechanicae
364 4357 528 4416 explicationes
543 4360 590 4406 illae
606 4361 716 4406 omnihus
729 4358 836 4405 obnoxiae
868 4359 943 4404 varias
958 4357 1095 4404 directiones
1110 4358 1221 4414 ferantur,
1238 4372 1280 4404 cur
1295 4358 1439 4417 planetarum
1451 4357 1495 4405 cir·

208 4420 255 4466 sint
269 4419 445 4467 difficultatibus
461 4422 545 4483 quibus
562 4423 675 4471 vorticum
691 4423 836 4483 hypothesim
869 4421 1036 4469 cumsolarinm
1053 4422 1148 4469 vortices
1162 4425 1192 4468 ab
1207 4420 1325 4468 occidente
1343 4421 1367 4467 in
1383 4421 1496 4469 orientem

177 4516 178 4519 ,
208 4485 281 4544 premi
288 4485 338 4557 jam
350 4483 501 4539 ostendimus,
513 4486 569 4532 huic
580 4488 613 4534 rei
628 4486 718 4534 diutitls
729 4501 776 4533 uon
792 4487 836 4532 im·
869 4487 1024 4535 moveantur?
1044 4486 1084 4531 ubi
1102 4487 1272 4545 phaenomenon
1288 4485 1382 4548 aliquod
1401 4485 1431 4532 ad
1448 4483 1495 4545 μή·

208 4550 357 4594 morabrmur.
405 4548 465 4594 Satis
486 4549 530 4596 erit
550 4549 677 4598 describere
694 4553 764 4598 verba
784 4565 837 4612 quae
868 4565 932 4597 marn
944 4564 1037 4598 caumm
1049 4549 1176 4596 deductum
1186 4558 1228 4605 est,
1245 4548 1283 4595 hic
1293 4551 1380 4597 haerere
1390 4563 1496 4596 causam·

208 4613 278 4659 habet
293 4612 362 4659 Joan.
379 4611 530 4658 Bernoullius
545 4615 688 4661 mentionem
705 4615 792 4661 faciens
807 4614 838 4660 de
870 4629 915 4676 qne
926 4612 1083 4661 mechanicam
1094 4611 1193 4660 ultanus
1203 4629 1250 4660 non
1261 4628 1369 4676 querere,
1382 4626 1496 4678 magnum

208 4677 253 4724 hoc
264 4675 313 4735 ipso
326 4675 504 4723 Newtoniloco.
530 4677 568 4737 (Si
580 4678 713 4725 causaeillae
724 4692 771 4724 non
782 4688 838 4725 suut
869 4678 1031 4742 philosophum
1044 4692 1092 4724 non
1105 4677 1208 4726 dedecet.

130 4753 132 4756 ⁴
209 4740 357 4797 meclnnicae,
375 4748 444 4788 erunt
464 4743 665 4799 praeternaturale
683 4751 707 4790 et
724 4741 839 4791 miracula

841 4812 852 4839 ir

792 4838 883 4999 ᾗ

792 4984 844 5031 .“·.·;·Ι“ιι

830 5052 834 5063 Ι
847 5042 854 5053 ι
