3374 5774
198 485 259 547 176
502 483 844 550 PHILOSOPHIAE
866 484 1138 551 NATURALIS
1168 481 1375 564 [DuMuuo.
1389 481 1491 547 Srsr.

194 651 311 715 nubem
328 674 396 717 esse
417 672 473 717 seu
488 674 636 737 vaporem
650 675 669 715 a
683 653 784 738 capite
798 666 928 718 cometae
944 653 1062 740 jugiter
1076 663 1253 739 surgentem
1268 663 1298 715 et
1312 634 1491 714 abeuntem

194 761 229 824 in
249 775 354 847 partes
377 787 396 827 a
419 763 492 828 Sole
513 783 646 828 aversas.
692 763 814 848 Opinio
834 765 935 848 prima
950 785 1059 826 eorum
1072 774 1119 825 est
1134 762 1186 847 qui
1207 760 1348 823 nondum
1369 760 1489 824 imbuti

194 887 267 934 aunt
289 867 414 935 scientid
436 891 542 934 rerum
563 870 746 954 opticarum.
792 870 875 934 Nam
891 870 985 956 jubar
1002 868 1082 933 Solis
1100 869 1134 931 in
1148 865 1293 930 cubiculo
1312 866 1489 930 tenebroso

194 1000 260 1042 non
282 981 429 1056 cernitur,
451 980 511 1043 nisi
526 992 677 1066 quatenus
697 982 754 1045 lux
767 982 936 1046 reflectitur
950 1004 968 1045 e
982 980 1147 1065 pulverum
1160 992 1192 1043 et
1205 979 1363 1042 fumorum
1383 980 1487 1063 parti·

195 1085 273 1151 culis
294 1108 353 1170 per
374 1087 479 1149 adrem
500 1107 622 1169 semper
644 1087 862 1152 volitantibus:
886 1087 1019 1173 ideoque
1038 1087 1072 1149 in
1086 1089 1157 1150 aire
1171 1084 1263 1148 furnis
1278 1085 1486 1148 crassioribus

193 1194 309 1259 infecto
323 1195 515 1280 splendidius
529 1207 586 1273 est,
603 1209 634 1261 et
649 1218 772 1261 sensum
786 1194 896 1261 sortiris
910 1196 999 1272 ferit3
1014 1195 1048 1258 in
1062 1198 1134 1258 aiire
1149 1192 1280 1256 clariore
1295 1192 1422 1256 tenuius
1437 1204 1487 1257 est

195 1314 227 1366 et
248 1301 362 1390 {egrius
385 1302 533 1367 sentitur:
557 1304 590 1366 in
613 1304 698 1368 coelis
720 1317 824 1369 autern
846 1304 912 1367 sine
934 1300 1061 1366 materia
1084 1301 1259 1364 reflectente
1277 1288 1400 1362 nullum
1416 1322 1486 1363 esse

194 1423 305 1496 potest
351 1410 424 1475 Lux
448 1433 514 1475 non
539 1412 676 1476 cernitur
701 1412 853 1499 quatenus
878 1412 911 1475 in
931 1411 1044 1495 jubare
1067 1421 1123 1486 est,
1150 1408 1205 1472 sed
1230 1406 1383 1495 quatenus
1410 1407 1486 1470 inde

195 1518 365 1582 reflectitur
386 1518 426 1582 ad
446 1516 553 1583 oculos
571 1531 704 1583 nostros.
750 1519 833 1583 Nam
857 1518 935 1582 visio
959 1539 1024 1582 non
1044 1515 1081 1580 fit
1099 1516 1160 1578 nisi
1179 1536 1235 1599 per
1250 1502 1356 1578 radios
1371 1517 1427 1600 qui
1451 1516 1484 1577 in

197 1627 305 1691 oculos
324 1627 512 1714 impingunt.
558 1627 741 1712 Requiritur
751 1627 858 1714 ⁴igitur
871 1626 1001 1689 materia
1015 1624 1119 1709 aliqua
1132 1623 1293 1686 reflectens
1307 1622 1341 1684 in
1356 1622 1487 1709 regione

197 1733 317 1809 caudae,
347 1753 388 1796 ne
416 1732 531 1796 coelum
555 1743 657 1796 totum
681 1733 751 1796 luce
776 1731 859 1798 Solis
884 1731 1069 1795 illustratum
1093 1729 1286 1792 uniformiter
1308 1728 1488 1814 splendeat.

198 1839 318 1924 Opinio
340 1837 478 1902 secunda
491 1837 597 1902 multis
617 1839 769 1922 premitur
789 1837 1029 1902 difficultatibus.
1074 1835 1192 1900 Caudae
1206 1856 1367 1921 nunquam
1386 1837 1489 1899 varie-

197 1961 312 2037 gantur
334 1947 509 2012 coloribus:
531 1947 586 2031 qui
607 1958 711 2011 tamen
732 1946 952 2011 refractionum
975 1946 1076 2009 solent
1089 1967 1157 2008 esse
1177 1945 1305 2008 comites
1325 1943 1489 2029 insepara-

94 2140 97 2145 .
196 2057 284 2122 biles.
330 2055 403 2120 Lux
424 2055 561 2119 fixarum
583 2067 615 2118 et
634 2055 829 2139 planetarum
851 2054 995 2120 distincte
1017 2055 1058 2118 ad
1079 2076 1136 2118 nos
1157 2054 1337 2117 transmissa
1356 2053 1490 2117 demon·

198 2178 274 2232 strat
289 2166 427 2230 medium
442 2165 567 2229 coeleste
582 2164 667 2228 nulli
683 2165 712 2227 vi
728 2164 889 2229 refractivd
903 2164 1030 2249 pollere.
1070 2163 1154 2227 Nam
1168 2162 1253 2248 quod
1267 2163 1391 2240 dicitur,
1407 2159 1491 2228 fixas

200 2273 240 2338 ab
264 2271 424 2360 AEgyptiis
450 2282 586 2334 cometas
611 2291 837 2356 nonnunquam
857 2271 938 2335 visas
959 2270 1063 2347 fuisse,
1090 2270 1133 2346 id,
1157 2269 1304 2355 quoniam
1328 2268 1490 2334 rarissimi

197 2380 359 2467 orrntingit,
389 2378 633 2442 adscribendum
669 2391 716 2444 cst
751 2381 881 2444 nubium
911 2379 1087 2444 refractioui
1118 2379 1262 2444 fortuitae.
1330 2380 1489 2444 Fixarum

199 2508 325 2572 quoque
347 2484 479 2548 radiatio
505 2497 536 2549 et
561 2485 737 2550 scintillatio
759 2486 799 2550 od
823 2485 1023 2551 refractiones
1048 2500 1115 2551 tum
1134 2489 1297 2552 oculorum
1317 2498 1386 2551 tum
1407 2489 1490 2552 ae‘ris

203 2592 327 2657 tremuli
343 2590 514 2656 reserenda
529 2604 618 2656 sunt:
634 2592 750 2678 quippe
764 2616 835 2679 quae
849 2592 982 2657 admotis
997 2593 1088 2658 oculo
1102 2593 1275 2678 telesoopiis
1289 2604 1491 2658 evanescunt.

200 2703 292 2766 A'c'ris
316 2713 347 2765 et
371 2701 606 2766 ascendentium
627 2725 778 2789 vaporum
798 2717 932 2769 tremore
956 2705 1002 2783 fit,
1025 2718 1059 2770 ut
1080 2705 1160 2770 radii
1181 2705 1271 2770 facild
1293 2706 1333 2771 de
1354 2717 1493 2794 angusto

199 2810 329 2896 pupillae
352 2810 452 2895 spatio
473 2831 530 2894 per
553 2810 635 2875 vices
661 2811 914 2899 detorqueantur,
933 2813 973 2877 de
998 2813 1108 2878 latiore
1129 2826 1232 2877 autern
1252 2814 1324 2878 vitri
1343 2813 1493 2899 objectivi

199 2916 347 3003 aperturi
369 2919 561 3004 neutiquam.
606 2918 686 2984 Inde
701 2933 748 2984 est
762 2919 847 3006 qudd
862 2920 1038 2985 scintillatio
1050 2921 1084 2984 in
1101 2922 1198 3005 priori
1219 2942 1292 2984 casu
1312 2932 1492 3008 generetur,

200 3025 231 3087 in
254 3025 426 3108 posteriore
448 3036 554 3088 autem
575 3036 692 3090 cessetz
716 3039 748 3090 et
762 3027 890 3091 cessatio
906 3028 939 3091 in
952 3028 1124 3111 posteriore
1139 3050 1213 3092 casu
1227 3027 1420 3092 demonstrat
1441 3049 1494 3091 re-
1510 3047 1517 3051 ’

199 3133 340 3222 gularem
362 3133 627 3196 transmissionem
649 3133 727 3197 lucis
747 3157 805 3219 per
827 3136 922 3199 coelos
944 3136 1011 3199 siue
1032 3137 1118 3199 omni
1140 3135 1326 3200 refractione
1340 3128 1492 3198 sensibili.

200 3243 250 3307 Ne
269 3241 337 3325 quis
346 3244 515 3309 contendat
529 3243 614 3329 quod
636 3243 745 3308 caudae
760 3266 824 3307 nou
838 3245 957 3308 soleant
971 3245 1069 3309 videri
1089 3245 1123 3308 in
1138 3245 1277 3322 cometis,
1293 3241 1365 3307 crim
1381 3265 1492 3307 eorum

198 3357 256 3421 lux
271 3375 334 3415 nou
350 3367 397 3418 est
411 3354 484 3417 satis
499 3353 601 3430 fortis,
619 3353 692 3438 quia
707 3366 781 3417 tuuc
795 3353 875 3417 radii
890 3353 1064 3417 secundarii
1078 3375 1142 3416 non
1157 3353 1275 3417 habent
1290 3351 1362 3416 satis
1377 3351 1492 3414 virium

200 3458 240 3521 ad
255 3458 361 3523 oculos
376 3459 557 3536 movendos,
573 3472 604 3524 et
621 3473 789 3544 propterea
803 3460 918 3524 caudas
929 3460 1065 3523 fixarum
1075 3481 1139 3522 nou
1151 3458 1254 3522 cerni:
1272 3458 1319 3542 (¹¹¹)
1329 3454 1492 3520 sciendum

200 3583 247 3633 est
262 3571 347 3656 quod
361 3571 418 3634 lux
432 3571 567 3634 fixarum
582 3571 653 3656 plus
667 3586 793 3635 centum
807 3572 925 3635 vicibus
940 3571 1046 3656 augeri
1061 3581 1164 3653 potest
1176 3567 1383 3631 mediantibus
1398 3563 1493 3628 teles-

200 3678 309 3761 copiis,
331 3700 390 3741 neo
412 3691 517 3741 tamen
539 3679 648 3742 caudae
670 3689 849 3742 cernuntur.
894 3676 1094 3741 Planetarum
1116 3697 1240 3761 quoque
1261 3674 1318 3738 lux
1336 3672 1493 3757 copiosior

200 3795 258 3859 est,
282 3784 390 3846 caudae
411 3782 487 3848 verb
508 3782 623 3846 nullae:
646 3796 776 3848 cometae
791 3795 896 3848 autern
911 3805 995 3866 saepe
1009 3781 1218 3844 caudatissimi
1233 3791 1315 3856 sunt,
1338 3778 1393 3841 ubi
1406 3777 1495 3862 capi-

200 3905 268 3956 tum
289 3893 345 3956 lux
367 3895 468 3957 tenuis
490 3907 538 3958 est
558 3907 590 3958 ct
609 3894 700 3958 valde
714 3895 835 3957 obtusa.
881 3893 933 3958 Sic
947 3893 1030 3955 enim
1046 3902 1167 3954 cometa
1181 3890 1255 3953 anni
1273 3898 1367 3964 1680,
1383 3908 1495 3950 mense

204 4000 388 4076 Decembri,
408 4023 472 4086 quo
487 4016 627 4088 tempore
642 4017 736 4088 caput
749 4002 818 4066 luce
833 4000 887 4065 suri
902 4001 956 4063 vix
970 3999 1113 4085 oequabat
1127 3999 1230 4063 stellas
1245 3996 1390 4062 secundae
1404 4019 1495 4082 mag·

200 4109 360 4188 nitudinis,
377 4111 507 4175 caudam
521 4113 682 4178 emittebat
696 4113 861 4198 splendore
875 4111 1004 4176 notabili
1019 4134 1117 4197 usque
1131 4111 1172 4174 ad
1185 4098 1302 4198 gradus
1317 4119 1370 4187 40,
1383 4118 1435 4186 50,
1449 4118 1494 4174 60

200 4215 250 4278 vel
265 4224 307 4285 70
322 4218 526 4306 longitudinis
541 4234 573 4285 ct
586 4218 685 4284 ultreia
708 4232 816 4306 postea
831 4220 902 4284 Jan.
918 4225 959 4286 27
972 4230 1004 4281 et
1018 4226 1058 4282 28
1072 4230 1166 4302 caput
1176 4217 1346 4303 apparebat
1357 4227 1392 4278 ut
1403 4215 1496 4279 stella

203 4322 343 4404 septimae
358 4336 480 4388 tautum
494 4327 728 4412 magnitudinis,
752 4326 852 4392 cauda
873 4323 948 4389 verb
963 4324 1032 4389 luce
1048 4323 1174 4409 quidem
1187 4324 1332 4407 pertenui
1346 4322 1402 4386 sed
1418 4323 1495 4386 satis

79 4445 82 4449 ’
195 4429 343 4515 ¹sensibili
356 4431 451 4519 longa
471 4443 539 4496 erat
554 4440 584 4496 6.
600 4434 650 4496 vel
665 4440 695 4501 7.
711 4432 838 4520 gradus,
855 4443 887 4496 et
899 4431 970 4496 luce
984 4429 1220 4506 obscurissimal;
1246 4451 1316 4515 quae
1332 4429 1419 4492 cerni
1441 4428 1491 4491 vix

235 4593 275 4658 (¹²¹)
291 4599 305 4626 ⁹
323 4597 445 4644 Sciendum
456 4606 495 4645 ert.
532 4596 567 4644 Ut
583 4605 665 4644 notum
676 4607 749 4646 ester
761 4598 828 4645 teles-
860 4594 954 4642 visionis
973 4595 1119 4643 distinctione
1138 4603 1162 4642 et
1178 4593 1355 4654 talescopiorum
1375 4589 1491 4640 benefieiis

202 4658 322 4718 copiorurn
333 4660 421 4707 theorici
431 4661 494 4720 apud
500 4676 582 4707 omnes
592 4661 760 4721 passimrerum
769 4661 829 4722 opti-
861 4659 925 4706 dedit
938 4659 1024 4707 clariss.
1034 4659 1069 4707 vir
1078 4660 1168 4707 Robert
1176 4659 1252 4707 suia
1267 4658 1293 4704 in
1308 4657 1397 4704 exiurio
1415 4656 1492 4719 opere

202 4737 282 4769 carum
293 4735 316 4773 et
327 4723 504 4784 catoptricamm
515 4725 643 4785 scriptores.
664 4725 710 4773 Sed
720 4740 748 4771 ea
757 4723 829 4785 potis-
863 4723 956 4782 Optico.

202 4785 288 4834 simum
304 4788 352 4852 legi
367 4796 553 4852 metanturque}
568 4787 598 4835 de
614 4786 673 4835 lucia
689 4788 827 4846 intensitata
