3374 5774
115 439 229 504 Lttsntt
243 429 421 516 'ssarrus.]
468 431 708 497 PRINCIPIA
732 431 1101 499 MATHEMATICA.
1282 504 1286 511 ,
1357 446 1398 504 65

19 588 23 594 ’
118 603 336 660 ettotam
355 601 487 712 raupa·
504 603 742 662 maumam
772 601 1399 664 taemtosnncmmtpmmcnuuc

117 670 149 718 sit
159 669 224 735 quasi
234 669 298 714 fieret
308 668 334 713 in
344 683 373 714 eo
383 667 445 714 circu
455 681 476 712 ο.
771 682 818 728 que
836 666 871 712 ris
887 675 995 712 extranea
1016 666 1146 714 accersiam
1166 668 1256 717 inversd
1277 679 1305 716 ut
1323 669 1398 729 radlig

153 735 215 781 Nam
227 733 328 794 fingatur
346 746 398 776 earn
416 730 463 776 rim
481 738 613 776 extraneam
629 742 676 775 non
692 745 748 791 esse,
772 729 862 791 sagitto
872 740 951 776 autem
967 745 1048 776 corum
1059 745 1156 777 arcuum
1167 733 1231 793 (quar
1243 745 1299 780 sunt
1309 749 1399 793 semper

120 805 268 851 constantem,
281 795 321 841 sed
332 794 402 840 talem
414 803 447 849 ut,
463 801 515 853 post
525 793 650 840 discessum
662 808 743 852 corpo-
772 804 799 839 ut
819 793 931 855 quadrata
948 808 1044 839 arcuum
1064 793 1136 839 ditias
1156 810 1196 853 per
1215 797 1300 858 radios)
1322 798 1399 845 iurent

119 860 152 906 ria
163 859 208 907 Pa
218 859 305 906 circulo
318 858 341 904 Δ
356 859 380 904 D
394 858 414 904 B
429 858 551 916 Cpropter
561 857 612 918 ejus
623 857 657 902 ria
667 867 741 903 extra·
773 856 861 903 inverse
874 871 899 902 ut
910 857 963 904 cubi
981 857 1105 913 radiorum,
1123 859 1163 903 sed
1176 859 1209 903 via
1220 862 1326 907 centralis
1338 864 1399 909 ultra

120 938 170 970 nest
180 923 302 975 acfiomm,
314 920 431 967 residuum
441 920 474 967 tia
482 935 554 982 quam
561 931 652 966 exercet
660 934 743 979 corpus
773 920 887 967 circulum
903 935 918 965 a
928 922 944 966 d
955 922 970 966 b
980 935 1000 973 c,
1018 923 1097 966 minus
1107 921 1217 969 decrescit
1227 922 1298 983 qusint
1315 941 1398 971 secun.

121 983 418 1046 Tindiatantiiadqusm
429 985 571 1042 abltcorpus
591 983 613 1030 P
631 982 744 1046 (detracti
773 984 832 1030 dum
853 985 940 1030 cubum
960 983 1128 1037 distantiarum,
1151 1000 1207 1046 erpo
1229 988 1311 1048 sigitta
1331 988 1398 1036 arcus

119 1047 149 1096 ee
166 1049 189 1096 ri
208 1049 327 1108 extranei)
347 1048 377 1095 sit
393 1062 483 1108 semper
493 1045 583 1094 inverse
593 1057 621 1093 ut
631 1048 685 1094 cubi
696 1047 743 1093 dis-
772 1046 878 1106 descripti
887 1063 940 1126 quta
951 1057 985 1094 est
993 1048 1043 1109 ejus
1054 1049 1086 1093 tis
1097 1049 1204 1094 centralis
1210 1047 1312 1106 effectus,
1325 1055 1398 1116 major

14 1128 20 1137 ·
118 1113 252 1169 tantiarum,
269 1111 359 1159 eveniet
376 1121 404 1159 ut
421 1113 474 1174 (per
486 1111 556 1170 Prop.
572 1110 622 1158 IX.
642 1110 696 1158 Lib.
719 1110 741 1158 1.
772 1120 807 1157 est
822 1113 969 1173 sagittaque
985 1111 1183 1158 toretmundum
1199 1113 1311 1160 rationem
1322 1114 1396 1163 inrer.

121 1169 236 1237 Princip)
253 1191 336 1236 corpus
354 1175 373 1220 Ρ
390 1174 497 1235 spiralem
508 1173 692 1236 legaritbmicam
703 1173 744 1222 da·
772 1189 822 1220 sam
838 1177 892 1221 cubi
902 1174 1068 1229 distantiarum,
1086 1190 1180 1238 argues
1190 1177 1273 1239 sagitta
1288 1194 1341 1239 quas
1357 1195 1397 1239 per

119 1241 209 1296 scribat,
221 1240 246 1286 in
257 1238 304 1300 qui
313 1238 415 1300 angulus
423 1253 500 1285 curro
510 1252 565 1283 cum
576 1238 641 1284 radio
650 1237 680 1284 sd
691 1253 744 1284 cur·
772 1238 819 1284 rirn
835 1238 960 1285 centrslcm
979 1238 1121 1298 producitur,
1139 1240 1215 1302 majpr
1233 1249 1267 1288 est
1286 1239 1327 1288 illd
1344 1257 1398 1304 qum

119 1319 173 1351 rans
182 1303 254 1350 ducto
263 1317 354 1362 semper
364 1312 444 1348 manet
453 1301 530 1357 idem
541 1299 621 1347 verbm
632 1301 743 1363 quoniam
772 1301 914 1348 obtineretur
929 1302 948 1348 si
964 1301 1065 1349 circulus
1075 1301 1100 1348 in
1111 1317 1140 1349 eo
1150 1303 1202 1349 loco
1217 1304 1396 1365 describeretur5

118 1366 229 1415 animun
247 1367 282 1412 ria
300 1365 341 1412 illa
359 1374 468 1412 extranea
477 1363 524 1411 t‘uit
539 1373 653 1420 consuas,
672 1365 745 1426 liquet
772 1380 829 1428 ergo
839 1380 923 1426 corpus
941 1365 961 1411 Ρ
976 1382 991 1412 a
1007 1375 1116 1427 tangente
1127 1366 1201 1429 megis
1211 1366 1307 1417 discedit
1320 1385 1399 1417 versus

117 1429 180 1493 quod
191 1430 325 1491 priusquam
336 1443 421 1488 corpus
432 1428 454 1475 P
464 1426 577 1474 circulum
590 1443 605 1474 a
615 1426 631 1474 d
641 1429 657 1475 b
667 1442 680 1474 c
691 1429 744 1475 atti·
772 1440 877 1476 centrum
888 1427 958 1491 qudm
969 1428 989 1474 si
999 1429 1112 1476 circulum
1123 1429 1267 1488 describeret,
1282 1448 1338 1494 ergo
1348 1434 1399 1496 ejus

116 1495 184 1556 gerit,
192 1510 220 1540 ea
228 1493 262 1539 sis
268 1492 322 1553 plus
328 1493 481 1538 imminuebat
486 1490 533 1536 rim
541 1490 664 1538 ceauslam
672 1490 744 1553 quim
773 1492 810 1539 ria
827 1503 922 1540 acutum
933 1492 1048 1554 ungulum
1059 1508 1114 1539 cunt
1125 1493 1190 1540 radio
1208 1495 1298 1542 ellicere
1308 1497 1397 1557 incipit,

118 1568 147 1605 ut
157 1558 273 1604 decrescet
288 1554 418 1602 secundum
429 1557 499 1601 cubos
510 1553 671 1601 distantiarum
686 1571 742 1602 auc·
772 1555 850 1617 sicque
860 1556 947 1603 accedit
956 1557 1040 1602 iterum
1051 1556 1081 1602 ad
1089 1556 1204 1603 circulum
1214 1558 1295 1606 adbc
1306 1561 1399 1622 angulis

118 1629 204 1675 tarum,
216 1617 315 1680 idebque
322 1618 386 1681 quod
393 1618 473 1680 anguli
484 1633 562 1664 currte
572 1632 627 1664 cum
638 1617 703 1665 radio
712 1618 743 1666 ad
772 1634 849 1666 curvae
859 1635 913 1666 cum
931 1620 995 1666 radio
1005 1630 1117 1680 perpetuo
1127 1620 1326 1680 decrescentibus;
1342 1622 1397 1671 cum

119 1698 214 1730 curram
230 1683 301 1730 ducto
319 1697 409 1742 semper
427 1696 528 1728 cresccre
546 1681 683 1736 debuerunt,
702 1683 743 1729 sed
772 1692 850 1730 autem
869 1683 930 1730 infra
948 1699 1004 1730 eum
1022 1683 1136 1730 circulum
1153 1685 1281 1733 transiverit
1297 1689 1399 1749 angulus

119 1747 262 1793 incremento
272 1757 384 1806 perpetuo
400 1744 490 1791 minore
500 1758 548 1806 quo
563 1745 639 1808 megis
654 1746 744 1794 accedit
772 1763 842 1809 quem
859 1747 914 1795 tacit
932 1763 1004 1794 cursa
1022 1762 1076 1793 cum
1093 1747 1164 1799 radio.
1187 1748 1271 1796 iterum
1291 1761 1397 1813 augetur,

118 1809 202 1859 virium
210 1809 391 1858 decrescentium
397 1808 456 1856 ratio
467 1807 498 1856 sd
507 1808 621 1856 rationem
628 1808 743 1858 istvemu
772 1811 846 1858 donec
864 1812 885 1856 is
902 1811 1004 1874 angulus
1021 1821 1097 1857 rectus
1107 1812 1194 1867 eredat,
1213 1812 1269 1858 inde
1289 1813 1343 1862 verb
1359 1815 1399 1862 liet

771 1877 868 1922 obtusus
875 1875 930 1935 quie
940 1876 974 1921 vis
985 1874 1091 1921 centralis
1102 1875 1150 1922 illic
1159 1876 1235 1922 minor
1245 1886 1279 1924 est
1289 1877 1360 1939 quim
1372 1887 1399 1926 ut

772 1952 856 1997 eorpus
874 1939 895 1984 P
911 1940 935 1983 in
951 1939 1039 1986 circulo
1054 1939 1140 1984 moveri
1156 1949 1251 2001 pergat;
1268 1943 1328 1988 redit
1343 1957 1399 2004 ergo

773 2015 857 2061 eorpus
870 2001 890 2047 Ρ
901 2016 980 2048 versus
987 2000 1101 2047 circulum
1109 2016 1124 2047 a
1134 2001 1150 2048 d
1161 2006 1176 2046 b
1186 2018 1200 2048 c
1210 2002 1280 2064 idque
1288 2004 1400 2064 perpetui

773 2063 922 2120 oscillatione,
930 2073 967 2110 ut
980 2064 1052 2124 liquet
1062 2079 1090 2109 es
1102 2065 1225 2111 collatione
1241 2067 1318 2114 motlls
1328 2084 1399 2130 quesn

773 2127 868 2172 baberet
885 2127 909 2172 in
928 2124 1088 2189 lugaritbmici
1098 2127 1174 2185 spirali
1194 2143 1249 2174 curn
1260 2130 1304 2176 boc
1314 2143 1395 2181 motu:

774 2189 815 2236 sed
824 2189 873 2251 qud
882 2191 959 2236 minor
975 2199 1009 2236 eat
1027 2190 1062 2234 ris
1072 2189 1112 2235 illa
1123 2191 1176 2237 data
1186 2206 1239 2253 quar
1257 2207 1285 2239 ex
1302 2197 1398 2242 tenneli

773 2253 908 2310 detrahitur,
925 2252 953 2300 ed
964 2253 1011 2298 illu
1021 2253 1117 2300 alternae
1127 2255 1282 2302 oscillationea
1291 2258 1370 2305 minus
1384 2275 1400 2307 a

773 2317 860 2363 circulo
875 2333 890 2363 a
900 2318 915 2364 d
926 2320 942 2365 b
953 2333 966 2364 c
982 2316 1096 2374 recedent,
1115 2333 1186 2380 quare
1197 2319 1216 2364 si
1227 2320 1261 2365 ris
1277 2335 1304 2365 ea
1315 2322 1399 2385 exigua
1497 2328 1503 2343 ⁸

559 2378 576 2440 '2
773 2391 916 2440 supponatur
936 2391 1042 2442 respectu
1063 2382 1097 2427 ris
1117 2382 1224 2428 centralis
1244 2384 1346 2442 corporis
1368 2386 1398 2442 T,

572 2444 582 2494 i
673 2440 681 2490 ἰ
773 2445 872 2504 supponi
884 2444 953 2492 etiam
964 2455 1039 2504 potest
1050 2453 1141 2491 motum
1156 2445 1257 2506 corporis
1275 2447 1297 2494 Ρ
1312 2448 1338 2494 in
1353 2448 1400 2496 cir.

576 2519 583 2560 ξ
675 2515 681 2562 ξ
773 2508 986 2555 culoadbcliet.
1024 2510 1056 2564 Q,
1070 2525 1090 2556 e.
1104 2508 1128 2556 d.

567 2567 581 2634 ,ι’
671 2567 680 2617 t'
806 2577 856 2621 cur.
872 2577 892 2619 l.
929 2573 954 2619 si
971 2572 1004 2617 ria
1016 2572 1057 2618 illa
1067 2583 1175 2619 extranea
1190 2583 1213 2620 et
1228 2583 1336 2622 constans
1347 2592 1399 2636 par.

558 2635 568 2670 ο·
664 2635 675 2679 .·“
773 2645 844 2697 petuo
854 2637 954 2683 traheret
964 2650 1047 2695 corpus
1059 2636 1081 2682 P
1092 2651 1171 2683 versus
1187 2637 1218 2693 T,
1234 2638 1316 2685 iisdem
1328 2655 1399 2704 argu.

773 2701 858 2746 mentis
874 2700 1007 2746 ostendetur
1024 2699 1086 2762 quod
1103 2701 1123 2746 si
1140 2699 1282 2748 describatur
1297 2702 1399 2751 circulus

773 2763 868 2810 interior
878 2785 893 2810 a
904 2762 916 2810 l
926 2769 942 2819 β
953 2784 975 2818 a,
992 2762 1016 2808 in
1033 2765 1074 2810 tali
1084 2762 1194 2810 dismntii
1204 2779 1218 2809 a
1229 2775 1309 2812 centro
1325 2768 1354 2822 T,
1372 2779 1399 2815 ut

772 2825 1065 2938 difficili&
1072 2827 1289 2939 32³3&le
1299 2846 1398 2942 t‘l't

772 2955 862 3001 inverse
873 2967 900 3002 ut
910 2956 964 3002 cubi
975 2953 1092 3001 radiorum
1104 2953 1244 3000 circulorum
1258 2957 1280 3002 Α
1294 2958 1320 3006 D
1333 2960 1354 3004 B
1368 2961 1397 3016 C,

773 3040 788 3065 a
799 3018 811 3065 i
821 3024 836 3073 β
848 3040 870 3074 s,
887 3034 971 3078 corpus
986 3018 1070 3064 Pbinc
1080 3017 1135 3064 inde
1146 3017 1179 3064 cis
1189 3020 1273 3068 muare
1283 3023 1398 3070 circulum

773 3103 788 3128 a
799 3082 811 3130 i
821 3088 837 3137 β
848 3104 862 3130 ιι
873 3083 997 3137 oscillatur,
1009 3091 1033 3129 et
1042 3083 1062 3127 ai
1073 3097 1101 3129 ee
1111 3081 1145 3129 ria
1153 3095 1260 3132 extranea
1269 3087 1397 3149 sitexigus,

771 3147 859 3193 censeri
869 3157 944 3208 potest
958 3147 1022 3208 quod
1033 3161 1115 3207 corpus
1133 3147 1155 3194 P
1170 3150 1195 3193 in
1206 3163 1235 3194 eo
1246 3151 1296 3210 ipso
1311 3151 1399 3198 circino

115 3217 170 3264 cubi
184 3216 356 3275 mandarum
373 3215 492 3277 perveniet
502 3231 558 3278 ergo
573 3230 657 3276 carpus
674 3216 696 3263 P
711 3216 742 3262 ad
771 3231 787 3257 a
797 3209 834 3268 ill
846 3232 860 3258 a
870 3212 1006 3258 movebitur.

115 3280 230 3328 circulum
248 3281 346 3335 adbc,
364 3291 387 3326 et
403 3279 506 3341 angulus
516 3294 657 3327 currsscum
668 3279 740 3336 radin,
805 3279 854 3322 Cor.
869 3281 891 3321 2
928 3276 962 3321 Et
977 3277 996 3321 si
1012 3273 1216 3322 risillaestrsnea
1227 3286 1334 3323 constans
1349 3292 1398 3324 nou

114 3345 238 3405 quandoP
246 3344 289 3392 erit
298 3346 323 3390 in
334 3344 421 3390 circulo
431 3359 445 3389 a
455 3343 471 3390 d
482 3346 498 3391 b
508 3360 528 3400 c,
540 3343 739 3405 eritrectomajor,
771 3339 838 3394 foret,
848 3339 887 3384 sed
896 3348 1006 3384 cresceret
1013 3338 1143 3384 secundum
1152 3339 1253 3400 aliquam
1261 3341 1397 3401 dignitatem

113 3408 170 3468 quie
177 3423 268 3468 tempe!
275 3409 347 3455 crevit
356 3408 377 3454 ip
386 3407 489 3468 angulus
499 3423 513 3453 ι
524 3418 627 3466 tempore
632 3422 680 3468 quo
690 3422 741 3454 eor.
771 3401 891 3462 posllivlm
902 3402 1070 3456 disterminum,
1082 3402 1163 3447 liulfi
1170 3403 1267 3449 omnin&
1273 3404 1398 3451 ratiocinii!

112 3485 158 3530 pua
175 3472 197 3518 P
212 3472 329 3518 circulum
347 3472 369 3518 A
384 3472 410 3519 D
425 3472 445 3518 Β
459 3472 479 3518 c
496 3471 637 3518 describebat
653 3471 678 3516 in
692 3486 741 3530 quo
772 3465 862 3512 ostendi
873 3474 949 3524 posset
959 3465 1022 3527 quod
1033 3464 1151 3526 corpusP
1167 3465 1192 3510 in
1203 3465 1290 3512 circulo
1305 3481 1320 3512 a
1330 3467 1346 3512 d
1357 3468 1397 3514 bc

112 3534 215 3596 angulus
226 3535 283 3582 radii
293 3549 347 3582 cum
358 3533 514 3581 curvamus
523 3543 571 3589 μη
583 3533 636 3580 ideo
647 3533 670 3581 P
681 3533 741 3581 ulte.
772 3530 808 3575 rel
825 3550 841 3575 a
864 3525 902 3586 ia
923 3548 937 3574 s
955 3529 1090 3580 movebitur,
1111 3529 1201 3574 eveniet
1211 3529 1359 3576 solummodo
1369 3538 1398 3578 ut

112 3597 227 3645 circulum
246 3615 261 3645 a
279 3598 296 3644 d
314 3600 329 3645 b
346 3613 359 3644 c
376 3609 472 3659 pergen
489 3597 545 3645 curn
555 3607 634 3644 eutem
647 3597 669 3644 P
680 3597 741 3644 ultra
771 3592 849 3639 radius
868 3593 890 3638 Τ
908 3607 924 3650 p
943 3592 1040 3650 paulum
1051 3590 1154 3636 diversus
1165 3592 1225 3637 sumi
1237 3592 1318 3638 debeat
1327 3594 1358 3639 ab
1368 3608 1397 3640 eo

112 3661 229 3710 circulum
244 3677 258 3708 a
275 3661 291 3708 d
307 3664 323 3708 b
338 3677 352 3708 c
368 3661 503 3721 pervenerit,
515 3661 670 3708 detractionis
684 3676 740 3708 con.
772 3657 812 3718 qui
822 3656 963 3701 inveniretur
974 3655 993 3701 si
1008 3655 1042 3699 ris
1053 3669 1081 3700 ee
1091 3664 1200 3700 extranea
1210 3665 1317 3702 constans
1327 3656 1394 3704 foret.

112 3725 193 3772 emus
213 3724 261 3770 rim
278 3725 403 3772 centralent
421 3724 501 3770 minus
516 3725 607 3771 minuet
617 3722 688 3786 quint
705 3740 740 3771 se.
804 3722 876 3767 Sebol.
914 3717 975 3764 nnis
984 3718 1098 3764 methodis
1113 3717 1222 3764 effectum
1233 3718 1340 3765 illinsris
1356 3735 1397 3767 es.

112 3789 218 3835 cundum
239 3791 327 3835 cubum
348 3788 523 3846 distantiarum
541 3788 619 3850 itaque
639 3788 741 3851 angulus
772 3791 858 3829 banea
869 3783 899 3830 ad
910 3782 1013 3829 calculos
1022 3781 1123 3851 revocari
1134 3797 1200 3841 posse
1210 3797 1258 3828 non
1274 3798 1395 3846 negamus,

113 3865 191 3898 curres
201 3868 256 3899 curn
265 3851 330 3898 radio
336 3853 413 3898 minor
421 3852 461 3898 liet
468 3851 539 3914 quim
550 3852 569 3898 ai
580 3851 741 3914 legaritltmica
772 3847 900 3909 etquidem
915 3861 987 3893 unam
997 3855 1037 3892 aut
1048 3844 1144 3892 alteiam
1155 3845 1290 3893 methodum
1306 3850 1336 3895 ab
1351 3846 1397 3896 bic

112 3915 202 3974 spiralia
218 3916 391 3970 describeretur,
412 3927 436 3962 et
453 3915 548 3962 tandem
566 3916 689 3963 reducetur
710 3916 739 3962 ad
772 3911 885 3958 diversum
896 3910 1006 3958 eumdem
1015 3909 1041 3956 in
1051 3909 1123 3955 finem
1137 3909 1163 3956 iu
1178 3912 1327 3972 sequentibus
1342 3927 1396 3974 pro-

113 3980 227 4040 angulum
237 3989 328 4026 rectum
339 3980 401 4026 ultra
411 3978 525 4026 circulum
542 3994 557 4025 a
576 3978 591 4025 d
611 3982 626 4026 b
643 3995 664 4036 c,
684 3979 741 4027 inde
771 3990 893 4036 ponemus.

114 4041 167 4088 τιτὸ
184 4058 324 4090 curtracum
342 4043 407 4090 radio
418 4043 487 4090 saciet
504 4042 619 4104 angulum
635 4054 738 4100 acutum,

114 4118 169 4151 nam
179 4107 213 4153 ris
223 4107 331 4154 centralis
339 4107 387 4152 illic
396 4108 470 4169 major
478 4106 589 4168 estquim
601 4117 628 4168 ut
638 4107 740 4154 circulus

115 4165 209 4216 describi
218 4168 367 4232 possit,quod
376 4171 409 4218 sic
420 4169 571 4217 demonstrari
580 4180 668 4229 potest;
680 4186 739 4217 erest
986 4167 1122 4216 THEOR.
1142 4168 1178 4216 ll.

115 4230 240 4291 equalibus
250 4233 392 4294 temporibus
399 4233 519 4293 deacnptae
526 4233 625 4281 durante
635 4244 684 4281 toto
693 4236 739 4281 boc

114 4295 216 4354 corporis
231 4296 253 4343 P
269 4306 334 4344 tnotu
345 4308 401 4344 sunt
413 4299 499 4359 ubique
509 4298 616 4359 sequalcs,
628 4299 739 4360 quoniam
806 4296 891 4345 Positis
901 4295 929 4341 iis
939 4310 992 4356 que
1008 4295 1034 4340 in
1051 4294 1126 4356 pritno
1143 4296 1296 4342 Tbeoretnate
1311 4311 1396 4358 suppo·

56 4419 58 4424 Ι
111 4357 175 4404 vires
192 4358 222 4406 ed
237 4369 342 4408 centrum
361 4362 382 4408 T
400 4371 531 4408 constanter
547 4361 680 4424 diriguntur
699 4364 738 4425 (es
772 4371 868 4414 nuntur,
881 4359 970 4406 dicatur
986 4373 998 4404 ι·
1012 4359 1092 4406 radius
1102 4359 1183 4406 circuli
1195 4360 1218 4406 A
1233 4359 1258 4405 D
1270 4360 1292 4406 B
1306 4361 1334 4415 C,
1345 4361 1398 4428 ’itt

113 4421 197 4483 Hyp.)
209 4419 306 4485 idetique
315 4425 341 4470 in
351 4440 380 4471 eo
390 4425 443 4472 loco
452 4425 514 4471 ultra
524 4424 638 4472 circulum
649 4442 663 4472 a
673 4424 689 4471 d
700 4427 739 4472 bc
771 4424 850 4471 radius
857 4422 938 4470 circuli
948 4438 962 4468 a
972 4421 988 4468 d
998 4424 1014 4469 b
1024 4439 1045 4479 c,
1057 4424 1094 4469 rel
1104 4444 1120 4469 a
1130 4422 1142 4470 i
1152 4429 1168 4478 β
1180 4443 1202 4478 s,
1214 4421 1243 4468 sit
1253 4438 1269 4483 p
1279 4424 1397 4471 radiorum

110 4486 137 4532 in
147 4501 196 4547 quo
206 4491 306 4548 angulus
316 4503 393 4535 curvae
403 4503 458 4535 cum
465 4488 530 4535 radio
540 4489 567 4535 lit
577 4499 660 4543 rectus,
673 4504 740 4535 arcus
772 4503 784 4533 r
800 4500 822 4534 er
838 4508 850 4551 ρ
867 4486 1012 4544 differentia;
1028 4488 1063 4532 ris
1078 4485 1180 4545 corporis
1192 4487 1250 4533 Tin
1261 4487 1371 4535 distantii
1386 4502 1398 4533 r

110 4549 167 4598 date
177 4561 282 4610 tempore
291 4551 419 4611 descriptus
429 4553 488 4598 soret
499 4555 547 4611 ipsa
558 4553 619 4599 basis
628 4568 688 4600 aree
699 4553 739 4599 de·
772 4551 863 4598 dicatur
876 4551 897 4595 V
909 4550 966 4597 etin
978 4551 1059 4598 eedem
1070 4547 1178 4596 distantid
1194 4551 1228 4596 ris
1243 4562 1352 4598 extranea
1362 4551 1398 4597 di·

111 4614 202 4674 scripte
218 4614 286 4676 cujus
295 4615 395 4661 altitudo
411 4626 445 4662 est
460 4615 569 4663 distantia
580 4632 594 4662 a
604 4626 684 4663 centro
698 4632 739 4662 seu
772 4624 838 4661 catur
851 4614 871 4661 Y
883 4629 935 4676 quse
946 4624 1032 4662 cresum
1049 4623 1075 4660 ut
1090 4614 1205 4660 distantioe
1220 4631 1235 4660 n
1250 4626 1330 4661 centro
1342 4615 1365 4661 T
1375 4623 1399 4660 et

110 4677 159 4736 ipse
169 4677 256 4735 radius,
272 4687 297 4725 et
312 4678 333 4724 is
347 4693 415 4726 meus
425 4678 492 4728 debet
508 4695 557 4726 esse
568 4680 597 4727 sd
608 4695 688 4728 arcum
699 4679 739 4742 qui
772 4695 824 4740 qua·
836 4679 932 4739 positiva
947 4687 1067 4726 censeatur
1083 4678 1102 4723 ai
1120 4676 1231 4724 distrabat
1241 4693 1324 4737 corpus
1344 4677 1366 4724 P
1384 4693 1399 4723 a

111 4740 194 4791 eedem
204 4751 309 4803 tempore
324 4739 454 4801 descriptus
463 4741 544 4790 fuisset
553 4760 568 4790 a
579 4758 673 4804 corpore
690 4744 709 4792 Ρ
720 4743 739 4789 ai
766 4754 860 4807 centro,
871 4739 1065 4806 negativarerdsi
1077 4740 1398 4798 illudattrshstadcentrnin.
1416 4750 1419 4756 '

727 4830 784 4876 Et
