3374 5774
180 411 243 468 202
487 401 827 470 PHILOSOPHIAE
849 400 1122 468 NATURALIS
1152 399 1359 482 [DnMurrn.
1373 404 1468 468 Srsr.

179 598 277 662 usqne
291 577 399 640 orbem
413 578 549 654 Saturni,
574 574 611 661 (¹¹)
627 588 663 641 ut
677 599 717 641 ex
734 576 836 663 quiete
853 574 1046 659 apheliornm
1060 575 1256 659 planetarum
1270 575 1468 639 manifestum

178 698 233 762 est,
250 697 281 749 et
295 685 336 748 ad
351 707 450 771 usque
466 685 573 747 ultima
585 696 776 747 cometarum
789 681 922 766 aphelia,
938 682 964 744 si
978 680 1073 744 modd
1089 681 1213 765 aphelia
1226 681 1280 744 illa
1294 682 1466 767 quiescant.

180 793 348 858 Rationem
369 789 445 855 veri)
465 790 579 855 harum
599 791 759 876 gravitatis
780 778 1008 873 proprietatum
1023 810 1063 852 ex
1084 787 1301 872 phaenomenis
1324 791 1467 854 nondum

175 903 265 988 potui
279 901 444 979 deducere,
460 911 493 965 et
505 899 694 986 hypotheses
709 920 774 962 non
788 899 886 984 fingo.
920 897 1081 983 Quicquid
1095 899 1180 961 enim
1194 920 1238 968 ex,
1249 899 1466 983 phaenomenis

175 1034 242 1077 non
263 1010 438 1088 deducitur,
460 1011 629 1094 hypothesis
650 1007 790 1073 vocanda
811 1022 877 1085 est;
900 1020 932 1073 et
952 1009 1141 1094 hypotheses
1155 1031 1210 1074 seu
1229 1011 1462 1096 metaphysica,

177 1141 232 1184 seu
254 1118 403 1203 physica,
427 1140 482 1181 sen
503 1117 687 1202 qualitatum
709 1117 910 1194 occultarum,
927 1138 982 1181 seu
996 1117 1195 1193 mechanica,
1211 1117 1245 1180 in
1259 1119 1459 1200 philosophici

176 1227 406 1309 experimentali
425 1223 531 1289 locum
551 1247 616 1288 non
635 1225 762 1288 habent.
806 1224 845 1288 In
866 1223 927 1287 hac
945 1222 1143 1309 philosophiis
1161 1223 1394 1306 Propositiones
1409 1226 1465 1288 de-

176 1336 333 1400 ducuntur
348 1356 389 1398 ex
409 1333 635 1417 phaenomenis,
657 1347 689 1398 et
707 1333 882 1397 redduntur
896 1331 1057 1419 generales
1071 1354 1129 1416 per
1143 1331 1365 1397 inductionem.
1412 1335 1465 1398 Sic

175 1443 459 1530 impenetrabilitas,
475 1443 642 1520 mobilitas,
658 1457 689 1507 et
702 1443 837 1528 impetus
852 1464 1020 1528 corporum
1034 1454 1066 1506 et
1085 1441 1171 1528 leges
1185 1454 1328 1506 motuum
1342 1456 1375 1506 et
1390 1467 1464 1530 gra-

174 1553 277 1618 vitatis
298 1553 509 1616 innotuerunt.
557 1552 600 1617 Et
622 1553 695 1616 satis
717 1552 870 1637 estquod
892 1551 1028 1639 gravitas
1055 1552 1164 1616 revera
1188 1553 1309 1631 existat,
1334 1566 1367 1618 et
1391 1568 1463 1640 agat

175 1659 348 1725 secundum
372 1659 458 1746 leges
476 1683 495 1722 a
516 1659 608 1724 nobis
633 1660 799 1744 expositas,
822 1670 854 1723 et
875 1659 916 1723 ad
937 1681 1104 1744 corporum
1126 1660 1297 1725 ooelestium
1317 1674 1349 1727 et
1367 1665 1462 1727 maris

173 1767 272 1833 nostri
286 1778 389 1830 motus
402 1751 512 1857 'omnes
529 1768 671 1831 sufficiat

218 1873 364 1958 Adjicere
381 1874 449 1958 jam
471 1874 579 1939 liceret
599 1873 750 1938 nonnulla
773 1873 813 1936 de
834 1874 946 1958 spiritu
960 1875 1097 1960 quodam
1112 1877 1312 1941 subtilissimo
1328 1900 1464 1961 corpora

174 1996 279 2048 crassa
291 1984 491 2068 pervadente,
515 1999 546 2078 et
566 1985 600 2047 in
622 1982 735 2048 iisdem
750 1983 887 2059 latente,
912 1986 1001 2069 cujus
1015 1985 1046 2048 vi
1068 1999 1099 2050 et
1113 1986 1286 2050 actionibus
1300 1988 1464 2070 particulae

173 2115 343 2178 corporum
356 2092 398 2156 ad
406 2079 549 2157 minimas
564 2092 726 2157 distantias
741 2115 775 2156 se
788 2090 899 2156 mutud
913 2093 1083 2171 attrahunt,
1096 2106 1128 2159 et
1138 2095 1294 2182 contiguae
1303 2095 1392 2158 tacta
1408 2117 1462 2158 co-
1538 2088 1541 2095 ’

173 2199 312 2264 haerent:
335 2213 369 2264 et
390 2222 523 2285 corpora
543 2200 687 2264 electrica
701 2211 799 2287 agunt
813 2200 854 2263 ad
869 2200 1029 2264 distantias
1044 2203 1187 2286 majores,
1202 2215 1267 2265 tam
1282 2203 1463 2286 repellendo

174 2306 269 2393 quim
284 2310 471 2375 attrahendo
486 2311 670 2396 corpuscula
685 2311 805 2386 vicina3
827 2324 859 2374 et
872 2310 929 2373 lux
943 2311 1102 2390 emittitur,
1118 2313 1295 2390 reflectitur,
1318 2313 1463 2401 refringi·

174 2430 235 2494 tur,
252 2417 428 2500 inflectitur,
446 2436 477 2486 et
492 2443 625 2506 corpora
639 2420 795 2497 calefacit3
819 2434 851 2485 et
864 2421 1002 2485 sensatio
1015 2423 1116 2485 omnis
1131 2423 1294 2500 excitatur,
1317 2436 1349 2486 et
1363 2446 1463 2486 mem·

72 2564 74 2573 ι
172 2526 232 2590 bra
240 2528 423 2593 animalium
433 2531 474 2593 ad
482 2529 673 2594 voluntatem
682 2541 858 2607 moventur,
866 2529 1094 2594 'vibrationibus
1105 2521 1221 2595 scilicet
1231 2531 1323 2616 hujus
1334 2533 1461 2616 spiritus

172 2655 231 2719 per
254 2634 353 2698 solida
375 2659 543 2703 nervorum
565 2638 782 2723 capillamenta
797 2639 837 2702 ab
852 2639 990 2703 externis
1010 2662 1156 2704 sensnmn
1178 2642 1303 2729 organis
1318 2643 1360 2706 ad
1374 2666 1462 2708 cere-

95 2806 103 2826 ,
172 2746 270 2811 brum
291 2761 324 2813 et
346 2774 365 2814 a
387 2746 516 2816 cerebro
536 2752 569 2814 in
590 2752 756 2815 musculos.
768 2753 960 2840 propagatis.
1005 2750 1038 2836 (¹)
1063 2752 1125 2817 Sed
1140 2751 1209 2815 haec
1223 2753 1330 2836 paucis
1345 2757 1462 2838 exponi

171 2877 236 2918 non
250 2871 400 2940 possunt;
421 2880 524 2945 neque
546 2860 635 2924 adest
657 2859 812 2923 sufficiens
825 2861 916 2945 copia
930 2860 1223 2945 experimentorum,
1247 2863 1459 2951 quibus-leges

171 2964 328 3028 actionum
343 2966 436 3051 hujus
451 2967 580 3052 spiritus
595 2968 738 3034 accurate
753 2969 953 3035 determinari
969 2984 1000 3037 et
1013 2973 1180 3036 monstrari
1194 2971 1317 3038 debent

80 3271 90 3279 -
204 3237 241 3301 (¹²)
263 3243 276 3270 ’
301 3244 334 3290 Ut
352 3259 378 3290 ea
392 3245 464 3306 quiete
483 3246 631 3306 apheliorum.
668 3246 739 3309 Prop.
760 3247 798 3297 ΙΙ.
833 3251 878 3298 hoc
888 3251 1037 3299 subtilissimo
1047 3252 1130 3314 spiritu
1146 3254 1256 3315 plurimas
1266 3253 1405 3316 quaestiones
1416 3253 1460 3302 sibi

171 3303 227 3351 Lib·
241 3304 304 3366 hul)
832 3316 941 3377 proponit
952 3317 1081 3365 Newtonus
1091 3319 1116 3364 in
1128 3319 1237 3368 Tractatn
1250 3320 1345 3380 Opticoe.

202 3366 234 3434 (¹)
248 3373 260 3395 ⁹
274 3372 318 3418 aed
328 3373 377 3418 hac
383 3374 468 3434 paucis
477 3376 558 3438 exposa
567 3391 614 3424 noa
623 3386 726 3439 possunt.
760 3378 800 3427 De
