3374 5774
204 413 244 468 98
512 398 850 466 PHILOSOPHIAE
873 395 1144 461 NATURALIS
1167 395 1479 474 [Demoanassa.

202 587 234 639 et
248 564 430 638 subducitur
443 574 606 657 posterior,
630 574 685 637 ubi
699 571 801 635 Terra
814 571 917 656 pergit
931 593 949 632 a
961 567 1112 652 perihelio
1123 589 1180 630 suo
1195 567 1235 629 ad
1250 567 1428 649 aphelium:
1452 579 1483 632 et

201 683 390 745 contrarium
405 683 442 744 fit
455 682 488 743 in
503 682 643 765 oppositi
659 681 742 743 orbis
757 694 855 763 parte.

246 790 279 873 (ἲ)
306 772 367 851 Per
391 788 542 851 theoriam
557 789 715 874 gravitatis
731 788 869 850 constitit
890 787 983 850 etiam
999 787 1082 871 quod
1098 785 1178 848 aetio
1196 786 1276 849 Solis
1298 788 1330 847 in
1356 787 1481 848 Lunam

198 895 293 978 paulo
308 895 406 977 major
430 894 476 969 sit,
503 894 556 956 ubi
582 906 755 956 transversa
770 894 920 955 diameter
935 894 1019 956 orbis
1035 892 1152 954 lunaris
1167 893 1278 954 transit
1292 911 1348 974 per
1365 894 1479 967 Solem,

202 1001 294 1089 qusint
309 1003 364 1064 ubi
379 1003 486 1064 eadem
504 1001 543 1062 ad
559 1013 660 1064 rectos
685 1015 732 1064 est
759 1001 888 1086 angulos
904 1023 975 1063 cum
990 1000 1070 1063 lineri
1087 1001 1220 1062 Terram
1235 1012 1266 1063 et
1284 1001 1385 1064 Solem
1407 1003 1479 1084 jun-

198 1124 308 1197 gente:
333 1123 364 1174 et
377 1123 543 1194 propterea
557 1111 640 1173 orbis
657 1110 773 1172 lunaris
788 1109 882 1192 paulo
898 1110 997 1192 major
1011 1120 1058 1172 est
1073 1108 1105 1169 in
1119 1108 1223 1190 priore
1245 1131 1318 1171 casu
1334 1108 1425 1193 anim
1447 1112 1480 1171 in

198 1218 378 1301 posteriore.
425 1218 463 1301 (¹¹)
490 1217 533 1278 Et
547 1215 619 1278 hinc
635 1216 734 1278 oritur
748 1216 809 1278 alia
823 1215 956 1300 aequutio
971 1213 1074 1277 motirs
1089 1214 1183 1276 medii
1197 1215 1323 1291 lunaris,
1340 1217 1479 1297 pendens

197 1345 217 1386 a
241 1323 303 1384 situ
318 1322 440 1408 apogaei
455 1322 556 1384 Lunae
582 1321 621 1383 ad
648 1320 762 1396 Solem,
790 1342 860 1405 quae
875 1319 1001 1404 quidem
1015 1319 1152 1381 maxima
1168 1331 1215 1381 est
1229 1317 1300 1381 crim
1315 1343 1478 1406 apogaeum

199 1428 301 1493 Lunae
316 1439 456 1491 versatur
479 1429 512 1489 in
535 1439 658 1490 octante
674 1449 744 1489 curn
762 1427 854 1500 Sole3
877 1439 908 1489 et
922 1426 1009 1488 nulla
1023 1424 1093 1488 crim
1108 1425 1186 1509 illud
1211 1426 1251 1488 ud
1277 1429 1478 1511 quadraturas

197 1537 248 1600 vel
263 1538 400 1623 syzygias
415 1538 574 1619 peruenit:
599 1548 630 1599 et
644 1537 742 1599 motui
758 1536 861 1598 medio
876 1535 1001 1598 additur
1016 1535 1048 1596 in
1063 1536 1195 1598 transitu
1210 1539 1330 1622 apogaei
1346 1538 1446 1599 Lunae
1461 1564 1480 1600 a

201 1643 281 1707 Solis
299 1641 487 1727 quadraturis
503 1643 543 1705 ad
559 1643 724 1728 syzygiam,
750 1653 780 1704 et
795 1641 976 1704 subducitur
991 1641 1023 1701 in
1038 1642 1169 1704 transitu
1184 1644 1306 1728 apogaei
1321 1667 1340 1704 a
1355 1645 1479 1730 syzygia

198 1748 238 1810 ad
254 1749 484 1833 quadraturam.
530 1747 613 1810 Haec
627 1747 771 1832 aequatio,
798 1739 890 1831 quam
905 1757 1083 1809 semestrem
1099 1748 1225 1825 vocabo,
1250 1736 1281 1809 in
1305 1751 1478 1812 octantibus

194 1857 326 1941 apogaei,
354 1854 479 1938 quando
494 1854 631 1913 maxima
644 1865 698 1928 est,
710 1855 849 1918 ascendit
862 1855 904 1917 ad
919 1856 958 1917 δ’.
975 1855 1044 1918 45”.
1061 1854 1191 1930 circiter,
1218 1855 1257 1938 (¹)
1273 1852 1423 1938 quantrim
1438 1879 1477 1918 ex

194 1960 407 2046 phaeuomenis
423 1959 570 2044 colligere
583 1959 679 2041 potui.
731 1962 814 2025 Haec
837 1973 884 2025 est
909 1963 974 2046 ejus
990 1961 1143 2046 quantitas
1169 1963 1200 2024 in
1224 1961 1371 2024 mediocri
1397 1963 1478 2026 Solis

194 2155 344 2200 &15⁰⁸qu
355 2153 484 2212 aptelium,·
503 2160 580 2196 m⁰²u⁸
596 2151 686 2212 8008οῑ
698 2151 774 2196 Lunoe
791 2172 825 2197 es.
852 2153 950 2217 utrisque
961 2153 1100 2216 quadraturis
1110 2153 1196 2214 positae,
1216 2151 1285 2199 simul
1297 2162 1402 2211 sumptae,
1423 2163 1479 2200 sunt

195 2216 358 2277 progressivus,
379 2225 457 2260 motus
470 2212 524 2260 uerri
539 2215 593 2260 nodi
611 2224 644 2260 est
664 2213 809 2274 retrogradus
816 2232 823 2270 ς
853 2221 951 2281 aequates
962 2219 998 2265 axi
1010 2219 1098 2280 majori,
1110 2228 1133 2264 et
1144 2216 1198 2263 crim
1209 2217 1280 2263 Luna
1291 2230 1325 2261 est
1336 2217 1359 2260 in
1372 2218 1477 2276 syzygiis,

197 2277 271 2326 Terris
281 2290 359 2324 autem
371 2294 384 2323 a
395 2278 506 2337 perihelio
517 2278 655 2337 procedente
666 2287 762 2336 uterque
774 2292 824 2322 mo-
853 2285 928 2330 ambae
943 2281 1058 2329 distantia
1074 2296 1088 2326 x
1107 2282 1182 2340 Lunae
1193 2281 1217 2325 in
1229 2281 1391 2341 conjunctione
1403 2289 1426 2324 et
1437 2296 1477 2338 op.

195 2351 234 2390 tus
245 2344 318 2403 major
329 2343 355 2388 lit
366 2351 430 2388 motu
440 2343 524 2396 medio,
537 2341 591 2386 inde
598 2356 654 2402 ergo
662 2341 714 2399 plus
723 2340 825 2398 procedit
855 2339 966 2405 positione
979 2347 1066 2405 positas,
1079 2355 1133 2390 sunt
1144 2344 1213 2390 simul
1225 2343 1324 2405 aequales
1335 2343 1399 2389 lateri
1416 2355 1477 2390 recto

195 2421 317 2467 apogaeum
329 2407 412 2460 Lunae,
424 2404 495 2465 quim
505 2415 641 2464 permotum
651 2404 762 2459 medium,
772 2403 825 2462 plus
855 2411 935 2457 orbitoe
947 2410 1040 2456 lunaris,

194 2470 282 2517 recedit
293 2469 376 2524 ¹¹0d1¹÷s
392 2469 454 2526 9¹50?
466 2482 520 2530 ⁹¹8⁰
532 2469 630 2529 aeqU³¹l⁰
641 2467 754 2523 addend&
772 2483 824 2526 1³⁰⁵·
888 2475 923 2520 Er
940 2470 1019 2520 ocrim
1031 2471 1120 2531 apsides
1128 2481 1183 2517 sunt
1193 2471 1217 2516 in
1229 2469 1333 2532 syzygiis,
1346 2470 1405 2516 actio
1418 2469 1478 2516 Solis

196 2534 266 2580 terlor
276 2532 423 2578 detrahenda·
855 2553 908 2599 quas
920 2490 1013 2583 liuram
1025 2536 1054 2582 ad
1068 2537 1162 2581 Terram
1174 2537 1272 2590 attrahit,
1290 2543 1324 2579 est
1334 2535 1418 2589 minor,
1431 2543 1478 2580 ete

228 2597 260 2659 (¹)
282 2600 295 2625 ⁹*
316 2600 361 2642 Per
380 2597 488 2642 theostum
506 2599 623 2654 gravitatis
642 2597 739 2643 constitit
756 2597 824 2643 eliam
855 2610 935 2647 contra
953 2601 1012 2647 aetio
1029 2615 1082 2661 qua·
1095 2600 1188 2644 Lunam
1208 2615 1222 2644 a
1239 2597 1312 2645 Terra
1322 2598 1428 2643 distrahit
1444 2607 1479 2644 est

196 2664 258 2724 quod
274 2662 331 2706 notio
343 2662 397 2705 Sulis
413 2661 438 2704 in
457 2660 553 2704 Lunmn
566 2662 636 2718 poulo
647 2660 721 2720 ntajor
736 2661 772 2714 tit,
786 2662 825 2706 ubi
856 2666 929 2710 ma'or
944 2662 1015 2725 quarn
1031 2661 1086 2708 cum
1103 2662 1192 2720 apsides
1210 2671 1264 2707 sunt
1282 2662 1305 2706 in
1323 2660 1477 2721 quadraturis,

197 2733 325 2770 transversa
336 2726 446 2768 diameter
456 2724 513 2767 orbis
530 2725 620 2768 lunaris
636 2725 715 2768 transit
728 2739 771 2782 per
786 2726 813 2768 So
853 2681 951 2789 idelque
963 2727 1025 2773 orbis
1035 2726 1123 2772 lunaris
1139 2725 1209 2784 paulo
1224 2726 1297 2786 major
1308 2724 1357 2770 fieri
1374 2724 1441 2770 debet
1452 2725 1477 2769 in

197 2789 250 2842 lem,
262 2787 303 2832 dte.
342 2786 418 2832 Facile
433 2783 555 2830 deducitur
566 2801 593 2830 ex
608 2786 661 2831 Cor.
676 2786 760 2831 'l'hcon
776 2785 823 2831 IV.
853 2792 928 2850 priore
939 2807 992 2838 casu
1004 2788 1075 2852 quiam
1087 2790 1110 2834 in
1122 2790 1252 2848 posteriore.

195 2849 279 2926 ‘nielli
295 2850 362 2908 primi
383 2851 445 2927 (ΡΨ
456 2849 517 2925 βά)
532 2848 603 2926 .q¹¹⁰d.
620 2850 741 2928 (ellslenoe
752 2864 766 2921 ¹!
778 2848 824 2924 diff·
886 2871 925 2915 De
933 2870 1025 2929 punctis
1033 2877 1111 2914 autem
1120 2867 1365 2928 interquadruturaset
1373 2866 1477 2927 syzygias

194 2913 382 2986 “⁰⁸¹².L⁰¹¹f⁰³
399 2913 506 2985 sfl‘a'f
517 2927 567 2973 ‘lu'
581 2911 689 2989 d¹⁵¹³¹¹tlffl
704 2912 821 2984 midmffl’
852 2932 995 2979 intermediis
1011 2935 1039 2978 ab
1056 2945 1084 2977 eo
1099 2931 1161 2992 quod
1178 2932 1202 2975 in
1219 2931 1254 2975 his
1265 2929 1357 2988 punctis
1370 2930 1478 2976 extremis

196 2986 220 3022 εἰ
230 2991 246 3035 y
257 2990 308 3020 ⁵¹⁰⁰
328 2991 378 3035 ‘3¹¹⁵
396 2975 509 3020 d¹⁵m⁰¹¹ae
520 2993 533 3020 ἃ
548 2976 694 3036 q¹¹³d¹³²¹⁸r³¹t
712 2985 824 3049 ⁹¹¹⁵¹⁰¹J¹0
853 2997 935 3052 evenit,
944 2996 1043 3058 judicari
1051 3005 1132 3054 potest,
1145 2994 1184 3040 scd
1193 2993 1336 3053 potissimum
1346 3008 1374 3038 er
1386 2993 1476 3040 calculo

195 3039 265 3086 etiarn
286 3039 305 3086 F
323 3041 356 3082 vis
374 3037 433 3084 Solis
451 3038 475 3081 in
495 3039 590 3084 Terram
610 3039 634 3082 in
649 3040 757 3084 mediocri
774 3054 823 3099 eyus
852 3056 1431 3121 quoaeqffltyoexhgccausgnatadeteminmr·

195 3101 341 3162 distantiae)
358 3102 419 3146 actio
432 3100 491 3145 Solis
504 3101 598 3146 Lunum
615 3103 725 3146 trahemis
741 3116 823 3147 secun·
852 3130 854 3133 -
886 3144 919 3208 (a)
938 3147 1144 3192 'Ethincmmr
1160 3146 1204 3190 aliq
1217 3146 1478 3204 oeqv‘atiommmmedii

196 3206 254 3259 dum
272 3203 422 3252 directionem
442 3202 500 3248 radii
518 3188 695 3250 orliitalunaris
703 3179 778 3250 estl
795 3210 821 3260 Χ
852 3209 998 3263 lunarum.
1025 3208 1107 3268 Hujus
1115 3208 1249 3266 aquationis
1257 3205 1372 3252 calculum
1382 3206 1477 3266 ejusque

203 3308 225 3356 F
282 3313 297 3352 3
308 3322 323 3367 y
334 3323 349 3367 y
755 3256 768 3286 Γ
852 3272 915 3333 leges
926 3272 1127 3329 explicatashabrs
1141 3269 1218 3315 Probl.
1232 3269 1278 3316 Vl.
1288 3269 1369 3315 calculi
1379 3269 1476 3315 secundi

195 3353 259 3435 ῖχ
272 3350 392 3408 (..-..
402 3344 433 3404 r),
854 3337 918 3398 (pag.
933 3333 985 3393 82.)
997 3335 1092 3396 ejusque
1106 3333 1243 3380 Corollariis.

229 3449 299 3497 Unde
310 3403 344 3496 rea
360 3449 401 3505 vis,
423 3447 494 3494 Lunai
505 3449 529 3494 in
545 3449 690 3510 quadraturis
704 3450 822 3505 existente,
852 3418 909 3528 &clx
940 3419 1087 3528 'Efufflfi‘
1097 3420 1397 3542 θέἷήέἑῖἰωηξῗίοῃῖἷζέ
1404 3422 1475 3541 Ρέιζῗ

323 3514 343 3560 F

196 3554 223 3600 fit
235 3528 264 3588 L
273 3560 298 3609 χ
313 3581 338 3587 -
355 3559 424 3609 χ-
435 3567 454 3606 r,
467 3561 501 3598 est
511 3567 566 3614 ergo
577 3555 683 3616 negativa
692 3562 716 3599 et
727 3551 823 3600 Lunam
853 3545 951 3606 aquatio
962 3548 1011 3591 liaec
1023 3546 1050 3591 δ’.
1063 3545 1113 3592 56”.
1128 3555 1161 3590 est
1173 3554 1267 3604 reperta,
1279 3547 1384 3605 quaedam
1397 3555 1476 3591 autem

245 3608 255 3636 Υ
319 3609 332 3637 ³
853 3624 927 3655 causta
938 3619 993 3654 sunt
1004 3624 1045 3654 cur
1053 3610 1102 3654 hac
1111 3609 1225 3669 quantitas
1234 3623 1275 3666 pro
1286 3605 1339 3653 veria
1347 3609 1475 3667 quantitate

196 3655 225 3702 ad
239 3656 334 3701 Terram
346 3655 452 3710 atrralrit;
464 3653 519 3700 clim
531 3653 585 3700 verri
598 3655 667 3702 Luna
677 3664 712 3702 est
721 3654 746 3700 in
757 3670 822 3716 ayzy·
852 3672 954 3718 adhibffl·
966 3682 1071 3731 nequeat,
1084 3675 1123 3717 sed
1132 3674 1182 3717 ,Μ
1193 3671 1291 3732 ,equatio
1302 3686 1329 3717 e,
1341 3673 1474 3730 phaenome,

852 3736 889 3780 nis
899 3737 928 3781 sit
939 3735 1068 3796 colligenda
1077 3753 1084 3791 ς
1096 3733 1178 3794 primii,
1188 3736 1304 3794 quantitas
1315 3735 1328 3779 f
1335 3749 1381 3778 sive
1391 3750 1474 3779 excen-

852 3800 938 3844 tricitas
948 3801 1027 3843 orbitae
1039 3799 1125 3844 lunaris
1136 3799 1190 3843 satis
1200 3808 1262 3844 certo
1271 3813 1317 3842 non
1329 3807 1362 3842 est
1373 3799 1473 3858 cognita,

196 3861 293 3922 positiva
310 3869 333 3905 et
352 3861 444 3909 Lunam
464 3880 477 3911 a
497 3862 569 3909 Terra
580 3863 700 3925 distralrit;
721 3863 744 3908 in
764 3863 820 3910 locis
852 3872 879 3908 ut
889 3871 978 3908 constat
988 3877 1015 3907 ex
1028 3862 1055 3906 iis
1066 3877 1118 3921 quae
1129 3861 1158 3907 de
1169 3862 1336 3907 excentricitate
1344 3860 1473 3918 dictasunt,

196 3936 275 3972 autem
287 3923 400 3971 similibus
416 3929 451 3972 hae
470 3929 485 3972 S
502 3927 529 3973 lis
545 3929 645 3974 actiones
659 3936 713 3972 sunt
730 3936 756 3972 ut
772 3927 817 3972 dis·
852 3927 889 3972 hic
899 3936 977 3972 autem
989 3925 1127 3971 mediocrem
1144 3925 1336 3971 excentricitatem
1349 3925 1473 3983 assumpsi.

196 3989 275 4036 tantia
293 4003 306 4032 r
327 3987 518 4036 LunaeaTerra.
555 3992 620 4037 Hinc
637 3990 655 4034 si
674 3989 819 4049 apsides·sint
850 4005 904 4034 mus
926 3994 987 4036 5505
1009 3990 1110 4048 partium
1131 4004 1229 4050 quarum
1251 3988 1328 4034 radius
1346 3988 1425 4033 orbitae
1445 3989 1475 4036 sit

195 4052 220 4098 in
232 4051 337 4113 syzygiis,
350 4051 379 4096 sit
391 4050 444 4098 vero
454 4054 557 4102 Lunam
568 4053 720 4115 quadraturis,
731 4057 769 4099 ubi
778 4069 819 4113 per
853 4058 946 4100 100000
957 4067 1011 4098 curn
1024 4052 1139 4098 Newtono
1149 4067 1218 4112 quam
1233 4052 1341 4098 Cassinus
1352 4051 1407 4096 lacit
1422 4061 1475 4097 tan·

196 4117 309 4162 actionem
325 4113 383 4159 Solis
402 4115 432 4160 ad
450 4116 545 4162 Terram
562 4117 665 4170 trahitur,
682 4120 756 4163 amba
772 4117 818 4163 dis·
851 4115 902 4163 tiam
912 4123 974 4164 5430
982 4119 1088 4175 partium,
1101 4125 1124 4161 et
1135 4116 1193 4161 forte
1204 4116 1279 4161 minor
1287 4115 1371 4161 assumi
1381 4114 1475 4163 deberet

196 4181 275 4226 tantia
295 4194 308 4224 x
330 4178 407 4224 Lunae
425 4177 450 4222 in
468 4178 565 4239 utrique
583 4178 724 4243 quadratura
739 4181 819 4239 positae
851 4180 869 4225 si
880 4180 1011 4227 attendatur
1027 4180 1056 4225 ad
1072 4178 1265 4226 excentricitatem
1281 4180 1361 4225 orbita·
1377 4177 1474 4236 lunaris,

196 4251 251 4288 suut
267 4241 338 4288 simul
350 4240 449 4303 aequales
460 4241 523 4288 lateri
542 4255 603 4289 recto
619 4244 699 4290 orbitae
716 4243 802 4289 lunaris
811 4262 818 4300 ;
851 4243 925 4305 qualis
943 4260 971 4290 ea
988 4243 1048 4289 soret
1058 4243 1115 4288 citra
1127 4243 1186 4289 Solis
1204 4243 1325 4295 actionem,
1344 4256 1372 4286 ex
1389 4242 1475 4302 quibus

196 4304 251 4352 cum
263 4303 317 4352 vero
329 4304 400 4350 Luna
410 4314 444 4350 est
454 4304 479 4349 ia
490 4306 588 4366 syzygiis
605 4307 643 4352 ubi
655 4322 696 4366 per
706 4306 820 4353 actionem
851 4307 1077 4362 considerationibus,
1095 4306 1167 4367 liquet
1186 4306 1338 4366 aquationem
1354 4304 1473 4352 inventam

198 4368 259 4441 Solis
269 4385 284 4414 a
295 4365 369 4414 Terrti
380 4368 521 4423 distrahitur,
533 4371 606 4415 ambra
617 4369 730 4417 distantia
742 4385 756 4415 x
770 4371 820 4416 Lu·
851 4370 964 4416 minorem
976 4372 1063 4416 sactum
1074 4369 1101 4414 iri
1112 4368 1183 4430 qurirn
1196 4369 1223 4415 3'.
1237 4368 1298 4424 56¹2,
1310 4368 1388 4429 sicque
1398 4369 1473 4431 magis

196 4447 234 4478 nar
251 4446 276 4476 m
293 4431 455 4492 conjunctione
470 4440 493 4477 et
508 4432 651 4490 oppositione
666 4434 746 4493 posita
764 4443 819 4480 suut
850 4447 992 4478 accessuram
1003 4433 1033 4479 ad
1043 4436 1196 4494 aquationem
1206 4431 1234 4477 8‘.
1244 4432 1293 4478 45''.
1305 4447 1357 4492 quae
1368 4447 1397 4477 ex
1408 4433 1472 4491 phae-

196 4495 267 4542 simut
287 4495 387 4556 aequales
404 4495 443 4542 exi
459 4494 548 4558 majori,
567 4495 608 4556 qui
622 4511 711 4557 semper
727 4506 820 4556 superat
852 4497 959 4542 nomenis
975 4496 1105 4557 colligitur:
1126 4493 1228 4542 secundo
1244 4494 1299 4542 cum
1317 4495 1389 4541 varias
1400 4497 1473 4556 hypo·

196 4557 258 4606 latus
268 4568 364 4605 rectum.
850 4560 924 4606 theses
945 4559 1141 4619 assumpserimus,
1161 4574 1215 4606 vero
1233 4559 1327 4621 quidem
1347 4560 1472 4618 proximas,

230 4623 255 4670 Si
265 4620 319 4668 rard
330 4621 419 4682 apsides
429 4631 484 4670 sunt
499 4622 523 4668 in
539 4621 690 4683 quadraturis,
709 4632 732 4670 et
749 4624 819 4671 Luna
849 4638 896 4668 aon
907 4633 984 4669 tamen
1002 4621 1191 4676 verasabsolute.
1209 4633 1236 4669 ut
1252 4623 1323 4684 liquet
1334 4637 1362 4668 ex
1376 4622 1431 4668 Cor.
1448 4627 1468 4671 1.

193 4685 266 4734 etiam
275 4686 301 4733 in
311 4685 465 4749 quadraturis,
477 4688 552 4734 ambae
562 4685 698 4734 distantias
706 4688 783 4735 Ituna
793 4688 818 4733 in
852 4686 929 4734 Probi¹
944 4687 966 4733 1.
981 4688 1044 4750 (pag.
1058 4686 1107 4748 80.)
1118 4702 1146 4735 ex
1162 4687 1191 4734 iis
1201 4686 1314 4736 erroribus
1329 4684 1386 4746 ipssa
1396 4700 1471 4748 quart·

196 3757 246 3817 giis.
262 3772 290 3802 ea
300 3758 359 3803 aetio
373 3757 432 3806 Solis
444 3756 469 3802 stt
480 3733 510 3840 Ξ·
522 3763 547 3812 ><
559 3719 590 3843 ξ
602 3764 627 3814 χ
641 3762 684 3812 2r,
703 3765 737 3803 est
748 3758 824 3818 itaque
